<?xml version="1.0" encoding="UTF-8"?>
<!DOCTYPE html PUBLIC "-//W3C//DTD XHTML 1.0 Transitional//EN"
    "http://www.w3.org/TR/xhtml1/DTD/xhtml1-transitional.dtd">
<html xmlns="http://www.w3.org/1999/xhtml" xml:lang="en" lang="en">
 <head>
  <title>
</title>
<meta http-equiv="Content-Type" content="text/html;charset=utf-8" />
  <meta name='ocr-system' content='tesseract 3.04.00' />
  <meta name='ocr-capabilities' content='ocr_page ocr_carea ocr_par ocr_line ocrx_word'/>
</head>
<body>
  <div class='ocr_page' id='page_1' title='image "4766199_0018.png"; bbox 0 0 2920 3859; ppageno 0'>
   <div class='ocr_carea' id='block_1_1' title="bbox 1525 215 1586 263">
    <p class='ocr_par' dir='ltr' id='par_1_1' title="bbox 1525 215 1586 263">
     <span class='ocr_line' id='line_1_1' title="bbox 1525 215 1586 263; baseline 0.016 -1"><span class='ocrx_word' id='word_1_1' title='bbox 1525 215 1586 263; x_wconf 92' lang='lat'><em>10</em></span> 
     </span>
    </p>
   </div>
   <div class='ocr_carea' id='block_1_2' title="bbox 463 350 2624 3062">
    <p class='ocr_par' dir='ltr' id='par_1_2' title="bbox 463 350 2624 3062">
     <span class='ocr_line' id='line_1_2' title="bbox 761 350 2163 409; baseline 0 -15"><span class='ocrx_word' id='word_1_2' title='bbox 761 350 1131 409; x_wconf 74' lang='lat' dir='ltr'><em>transyressusque</em></span> <span class='ocrx_word' id='word_1_3' title='bbox 1162 367 1212 394; x_wconf 74' lang='lat' dir='ltr'><em>ex</em></span> <span class='ocrx_word' id='word_1_4' title='bbox 1242 353 1360 409; x_wconf 74' lang='lat' dir='ltr'><em>reqia</em></span> <span class='ocrx_word' id='word_1_5' title='bbox 1390 353 1437 393; x_wconf 88' lang='lat' dir='ltr'><em>in</em></span> <span class='ocrx_word' id='word_1_6' title='bbox 1462 352 1731 408; x_wconf 81' lang='lat' dir='ltr'><em>praetoriam</em></span> <span class='ocrx_word' id='word_1_7' title='bbox 1762 365 1913 393; x_wconf 88' lang='lat' dir='ltr'><em>navem</em></span> <span class='ocrx_word' id='word_1_8' title='bbox 1946 352 2018 405; x_wconf 99' lang='lat'><em>21,</em></span> <span class='ocrx_word' id='word_1_9' title='bbox 2041 352 2113 404; x_wconf 89' lang='grc'><em>50,</em></span> <span class='ocrx_word' id='word_1_10' title='bbox 2137 352 2163 394; x_wconf 91' lang='grc'>8</span> 
     </span>
     <span class='ocr_line' id='line_1_3' title="bbox 756 425 2233 484; baseline 0.001 -16"><span class='ocrx_word' id='word_1_11' title='bbox 756 426 998 484; x_wconf 76' lang='lat' dir='ltr'><strong><em>apparebat</em></strong></span> <span class='ocrx_word' id='word_1_12' title='bbox 1030 435 1121 469; x_wconf 82' lang='lat' dir='ltr'><em>tuta</em></span> <span class='ocrx_word' id='word_1_13' title='bbox 1154 426 1357 470; x_wconf 71' lang='lat' dir='ltr'><em>celeribus</em></span> <span class='ocrx_word' id='word_1_14' title='bbox 1390 426 1579 470; x_wconf 85' lang='lat' dir='ltr'><em>consiliis</em></span> <span class='ocrx_word' id='word_1_15' title='bbox 1603 427 1952 484; x_wconf 78' lang='lat' dir='ltr'><em>praeposituram</em></span> <span class='ocrx_word' id='word_1_16' title='bbox 1985 426 2057 480; x_wconf 93' lang='lat'><em>22,</em></span> <span class='ocrx_word' id='word_1_17' title='bbox 2081 425 2153 480; x_wconf 88' lang='lat'><em>38,</em></span> <span class='ocrx_word' id='word_1_18' title='bbox 2179 426 2233 470; x_wconf 87' lang='grc'><em>13</em></span> 
     </span>
     <span class='ocr_line' id='line_1_4' title="bbox 747 493 2341 561; baseline -0.001 -16"><span class='ocrx_word' id='word_1_19' title='bbox 747 517 832 560; x_wconf 85' lang='lat' dir='ltr'><em>per</em></span> <span class='ocrx_word' id='word_1_20' title='bbox 863 503 952 545; x_wconf 88' lang='lat' dir='ltr'><em>dies</em></span> <span class='ocrx_word' id='word_1_21' title='bbox 984 504 1149 561; x_wconf 77' lang='lat' dir='ltr'><strong><em>aliquot</em></strong></span> <span class='ocrx_word' id='word_1_22' title='bbox 1177 502 1232 544; x_wconf 89' lang='lat' dir='ltr'><em>ab</em></span> <span class='ocrx_word' id='word_1_23' title='bbox 1266 510 1354 545; x_wconf 88' lang='lat' dir='ltr'><em>orto</em></span> <span class='ocrx_word' id='word_1_24' title='bbox 1387 517 1519 560; x_wconf 83' lang='lat' dir='ltr'><em>usque</em></span> <span class='ocrx_word' id='word_1_25' title='bbox 1549 503 1610 544; x_wconf 88' lang='lat' dir='ltr'><em>ad</em></span> <span class='ocrx_word' id='word_1_26' title='bbox 1640 493 1893 546; x_wconf 82' lang='lat' dir='ltr'><em>occidentem</em></span> <span class='ocrx_word' id='word_1_27' title='bbox 1923 503 2047 545; x_wconf 85' lang='lat' dir='ltr'><em>solem</em></span> <span class='ocrx_word' id='word_1_28' title='bbox 2080 502 2154 556; x_wconf 87' lang='lat'><em>22,</em></span> <span class='ocrx_word' id='word_1_29' title='bbox 2178 502 2220 556; x_wconf 87' lang='grc'><em>7,</em></span> <span class='ocrx_word' id='word_1_30' title='bbox 2245 503 2301 544; x_wconf 84' lang='grc'>14</span> <span class='ocrx_word' id='word_1_31' title='bbox 2338 528 2341 531; x_wconf 60' lang='grc'><strong>«</strong></span> 
     </span>
     <span class='ocr_line' id='line_1_5' title="bbox 758 577 2341 636; baseline 0 -16"><span class='ocrx_word' id='word_1_32' title='bbox 758 580 847 636; x_wconf 87' lang='lat' dir='ltr'><em>ipse</em></span> <span class='ocrx_word' id='word_1_33' title='bbox 877 579 939 621; x_wconf 86' lang='lat' dir='ltr'><em>ad</em></span> <span class='ocrx_word' id='word_1_34' title='bbox 970 594 1094 621; x_wconf 84' lang='lat' dir='ltr'><em>suam</em></span> <span class='ocrx_word' id='word_1_35' title='bbox 1125 586 1297 621; x_wconf 85' lang='lat' dir='ltr'><em>veterem</em></span> <span class='ocrx_word' id='word_1_36' title='bbox 1330 593 1439 621; x_wconf 84' lang='lat' dir='ltr'><em>nova</em></span> <span class='ocrx_word' id='word_1_37' title='bbox 1471 577 1653 621; x_wconf 77' lang='lat' dir='ltr'><em>Lentuli</em></span> <span class='ocrx_word' id='word_1_38' title='bbox 1681 578 1814 620; x_wconf 84' lang='lat' dir='ltr'><em>classe</em></span> <span class='ocrx_word' id='word_1_39' title='bbox 1845 578 2054 620; x_wconf 83' lang='lat' dir='ltr'><em>adiuncta</em></span> <span class='ocrx_word' id='word_1_40' title='bbox 2088 577 2162 631; x_wconf 89' lang='lat'><em>30,</em></span> <span class='ocrx_word' id='word_1_41' title='bbox 2185 578 2257 632; x_wconf 88' lang='grc'><em>36,</em></span> <span class='ocrx_word' id='word_1_42' title='bbox 2280 577 2306 620; x_wconf 90' lang='grc'><strong>3</strong></span> <span class='ocrx_word' id='word_1_43' title='bbox 2334 590 2341 607; x_wconf 79' lang='grc'><em>··</em></span> 
     </span>
     <span class='ocr_line' id='line_1_6' title="bbox 753 653 2589 712; baseline 0 -16"><span class='ocrx_word' id='word_1_44' title='bbox 753 669 876 697; x_wconf 89' lang='lat' dir='ltr'><em>orsus</em></span> <span class='ocrx_word' id='word_1_45' title='bbox 897 654 952 697; x_wconf 90' lang='lat' dir='ltr'><em>ab</em></span> <span class='ocrx_word' id='word_1_46' title='bbox 973 655 1186 712; x_wconf 73' lang='lat' dir='ltr'><em>Antiyoni</em></span> <span class='ocrx_word' id='word_1_47' title='bbox 1204 656 1410 711; x_wconf 84' lang='lat' dir='ltr'><em>primum,</em></span> <span class='ocrx_word' id='word_1_48' title='bbox 1439 656 1529 697; x_wconf 85' lang='lat' dir='ltr'><em>suis</em></span> <span class='ocrx_word' id='word_1_49' title='bbox 1556 655 1709 697; x_wconf 88' lang='lat' dir='ltr'><em>deinde</em></span> <span class='ocrx_word' id='word_1_50' title='bbox 1734 669 1834 711; x_wconf 75' lang='lat' dir='ltr'><em>erqa</em></span> <span class='ocrx_word' id='word_1_51' title='bbox 1858 661 2024 711; x_wconf 74' lang='lat' dir='ltr'><em>qentem</em></span> <span class='ocrx_word' id='word_1_52' title='bbox 2050 669 2141 696; x_wconf 89' lang='lat' dir='ltr'><em>eam</em></span> <span class='ocrx_word' id='word_1_53' title='bbox 2167 655 2328 696; x_wconf 78' lang='lat' dir='ltr'><em>meritis</em></span> <span class='ocrx_word' id='word_1_54' title='bbox 2357 653 2428 708; x_wconf 91' lang='lat'><em>32,</em></span> <span class='ocrx_word' id='word_1_55' title='bbox 2447 654 2519 709; x_wconf 85' lang='lat'><em>34,</em></span> <span class='ocrx_word' id='word_1_56' title='bbox 2540 655 2589 696; x_wconf 90' lang='lat'><em>11</em></span> 
     </span>
     <span class='ocr_line' id='line_1_7' title="bbox 751 720 2102 784; baseline 0 -11"><span class='ocrx_word' id='word_1_57' title='bbox 751 746 849 773; x_wconf 88' lang='lat' dir='ltr'><em>cum</em></span> <span class='ocrx_word' id='word_1_58' title='bbox 872 763 881 773; x_wconf 89' lang='lat'><strong>.</strong></span> <span class='ocrx_word' id='word_1_59' title='bbox 908 764 917 773; x_wconf 88' lang='lat'><strong>.</strong></span> <span class='ocrx_word' id='word_1_60' title='bbox 944 732 1132 774; x_wconf 79' lang='lat' dir='ltr'><em>terrestri</em></span> <span class='ocrx_word' id='word_1_61' title='bbox 1161 720 1358 774; x_wconf 87' lang='lat' dir='ltr'><em>navalem</em></span> <span class='ocrx_word' id='word_1_62' title='bbox 1390 731 1617 774; x_wconf 70' lang='lat' dir='ltr'><em>exercitum</em></span> <span class='ocrx_word' id='word_1_63' title='bbox 1646 732 1856 773; x_wconf 72' lang='lat' dir='ltr'><em>iunxisset</em></span> <span class='ocrx_word' id='word_1_64' title='bbox 1885 730 1958 784; x_wconf 89' lang='lat'><em>33,</em></span> <span class='ocrx_word' id='word_1_65' title='bbox 1981 731 2053 784; x_wconf 89' lang='lat'>38,</span> <span class='ocrx_word' id='word_1_66' title='bbox 2076 731 2102 773; x_wconf 90' lang='lat'>9</span> 
     </span>
     <span class='ocr_line' id='line_1_8' title="bbox 755 803 2618 865; baseline 0 -17"><span class='ocrx_word' id='word_1_67' title='bbox 755 807 1060 865; x_wconf 71' lang='lat' dir='ltr'><em>adversamque</em></span> <span class='ocrx_word' id='word_1_68' title='bbox 1085 821 1291 865; x_wconf 86' lang='lat' dir='ltr'><em>prospera</em></span> <span class='ocrx_word' id='word_1_69' title='bbox 1316 822 1472 865; x_wconf 75' lang='lat' dir='ltr'><em>puyna</em></span> <span class='ocrx_word' id='word_1_70' title='bbox 1504 806 1805 849; x_wconf 71' lang='lat' dir='ltr'><em>oblitteraverit</em></span> <span class='ocrx_word' id='word_1_71' title='bbox 1834 805 1906 861; x_wconf 89' lang='lat'><em>33,</em></span> <span class='ocrx_word' id='word_1_72' title='bbox 1930 805 2002 860; x_wconf 84' lang='lat'>36,</span> <span class='ocrx_word' id='word_1_73' title='bbox 2029 807 2103 861; x_wconf 89' lang='lat'>15,</span> <span class='ocrx_word' id='word_1_74' title='bbox 2140 803 2260 850; x_wconf 89' lang='lat' dir='ltr'><em>unde</em></span> <span class='ocrx_word' id='word_1_75' title='bbox 2291 804 2398 849; x_wconf 86' lang='lat' dir='ltr'><em>licet</em></span> <span class='ocrx_word' id='word_1_76' title='bbox 2427 805 2618 849; x_wconf 86' lang='lat' dir='ltr'><em>fortasse</em></span> 
     </span>
     <span class='ocr_line' id='line_1_9' title="bbox 894 881 2620 940; baseline -0.001 -15"><span class='ocrx_word' id='word_1_77' title='bbox 894 897 1008 939; x_wconf 88' lang='lat' dir='ltr'><em>quae</em></span> <span class='ocrx_word' id='word_1_78' title='bbox 1033 882 1105 936; x_wconf 89' lang='lat'>26,</span> <span class='ocrx_word' id='word_1_79' title='bbox 1129 882 1202 937; x_wconf 90' lang='lat'><em>29,</em></span> <span class='ocrx_word' id='word_1_80' title='bbox 1229 883 1282 926; x_wconf 91' lang='lat'><em>10</em></span> <span class='ocrx_word' id='word_1_81' title='bbox 1308 882 1511 926; x_wconf 90' lang='lat' dir='ltr'><em>mutilata</em></span> <span class='ocrx_word' id='word_1_82' title='bbox 1548 882 1593 925; x_wconf 91' lang='lat' dir='ltr'><em>in</em></span> <span class='ocrx_word' id='word_1_83' title='bbox 1626 881 1855 925; x_wconf 79' lang='lat' dir='ltr'>codicibus</span> <span class='ocrx_word' id='word_1_84' title='bbox 1893 882 2103 940; x_wconf 87' lang='lat' dir='ltr'><em>leguntur</em></span> <span class='ocrx_word' id='word_1_85' title='bbox 2133 897 2184 925; x_wconf 73' lang='lat' dir='ltr'><em>ea·</em></span> <span class='ocrx_word' id='word_1_86' title='bbox 2214 896 2297 939; x_wconf 82' lang='lat' dir='ltr'><em>quo</em></span> <span class='ocrx_word' id='word_1_87' title='bbox 2320 883 2492 939; x_wconf 86' lang='lat' dir='ltr'><em>primus</em></span> <span class='ocrx_word' id='word_1_88' title='bbox 2514 888 2620 938; x_wconf 86' lang='lat' dir='ltr'><em>post</em></span> 
     </span>
     <span class='ocr_line' id='line_1_10' title="bbox 891 957 2616 1016; baseline -0.001 -16"><span class='ocrx_word' id='word_1_89' title='bbox 891 959 1096 1000; x_wconf 78' lang='lat' dir='ltr'><em>adversae</em></span> <span class='ocrx_word' id='word_1_90' title='bbox 1128 973 1307 1015; x_wconf 72' lang='lat' dir='ltr'><em>puynae</em></span> <span class='ocrx_word' id='word_1_91' title='bbox 1345 959 1531 1016; x_wconf 82' lang='lat' dir='ltr'><em>9loriam</em></span> <span class='ocrx_word' id='word_1_92' title='bbox 1570 964 1755 1015; x_wconf 87' lang='lat' dir='ltr'><em>ceperat,</em></span> <span class='ocrx_word' id='word_1_93' title='bbox 1797 957 1931 1000; x_wconf 84' lang='lat' dir='ltr'><em>variis</em></span> <span class='ocrx_word' id='word_1_94' title='bbox 1973 957 2292 1015; x_wconf 81' lang='lat' dir='ltr'><em>supplementis</em></span> <span class='ocrx_word' id='word_1_95' title='bbox 2333 961 2550 1015; x_wconf 86' lang='lat' dir='ltr'><em>temptata</em></span> <span class='ocrx_word' id='word_1_96' title='bbox 2589 971 2616 999; x_wconf 91' lang='lat' dir='ltr'><em>a</em></span> 
     </span>
     <span class='ocr_line' id='line_1_11' title="bbox 891 1033 2618 1091; baseline -0.001 -15"><span class='ocrx_word' id='word_1_97' title='bbox 891 1033 1057 1088; x_wconf 88' lang='lat' dir='ltr'><em>doctis,</em></span> <span class='ocrx_word' id='word_1_98' title='bbox 1098 1033 1142 1076; x_wconf 92' lang='lat' dir='ltr'><em>in</em></span> <span class='ocrx_word' id='word_1_99' title='bbox 1183 1033 1301 1077; x_wconf 85' lang='lat' dir='ltr'><em>hunc</em></span> <span class='ocrx_word' id='word_1_100' title='bbox 1339 1033 1519 1077; x_wconf 89' lang='lat' dir='ltr'><em>modum</em></span> <span class='ocrx_word' id='word_1_101' title='bbox 1560 1033 1615 1076; x_wconf 87' lang='lat' dir='ltr'><em>ad</em></span> <span class='ocrx_word' id='word_1_102' title='bbox 1653 1033 1952 1090; x_wconf 84' lang='lat' dir='ltr'><em>integritatem</em></span> <span class='ocrx_word' id='word_1_103' title='bbox 1992 1047 2202 1076; x_wconf 84' lang='lat' dir='ltr'><em>revocare</em></span> <span class='ocrx_word' id='word_1_104' title='bbox 2241 1049 2293 1076; x_wconf 71' lang='lat' dir='ltr'><em>ea·</em></span> <span class='ocrx_word' id='word_1_105' title='bbox 2327 1048 2411 1091; x_wconf 79' lang='lat' dir='ltr'><em>quo</em></span> <span class='ocrx_word' id='word_1_106' title='bbox 2442 1034 2618 1090; x_wconf 89' lang='lat' dir='ltr'><em>primus</em></span> 
     </span>
     <span class='ocr_line' id='line_1_12' title="bbox 883 1108 2614 1167; baseline -0.001 -15"><span class='ocrx_word' id='word_1_107' title='bbox 883 1116 986 1166; x_wconf 84' lang='lat' dir='ltr'><em>post</em></span> <span class='ocrx_word' id='word_1_108' title='bbox 1016 1109 1238 1167; x_wconf 78' lang='lat' dir='ltr'><em>adcers[as</em></span> <span class='ocrx_word' id='word_1_109' title='bbox 1271 1109 1528 1167; x_wconf 88' lang='lat' dir='ltr'><em>prosper]ae</em></span> <span class='ocrx_word' id='word_1_110' title='bbox 1551 1123 1728 1167; x_wconf 78' lang='lat' dir='ltr'><em>puynae</em></span> <span class='ocrx_word' id='word_1_111' title='bbox 1748 1108 1936 1166; x_wconf 72' lang='lat' dir='ltr'><em>yloriam</em></span> <span class='ocrx_word' id='word_1_112' title='bbox 1965 1116 2153 1165; x_wconf 82' lang='lat' dir='ltr'><em>ceperat3</em></span> <span class='ocrx_word' id='word_1_113' title='bbox 2187 1122 2341 1165; x_wconf 91' lang='lat' dir='ltr'><em>neque·</em></span> <span class='ocrx_word' id='word_1_114' title='bbox 2358 1108 2473 1152; x_wconf 89' lang='lat' dir='ltr'><em>enim</em></span> <span class='ocrx_word' id='word_1_115' title='bbox 2499 1123 2614 1164; x_wconf 90' lang='lat' dir='ltr'><em>quae</em></span> 
     </span>
     <span class='ocr_line' id='line_1_13' title="bbox 889 1182 2614 1242; baseline 0.001 -16"><span class='ocrx_word' id='word_1_116' title='bbox 889 1184 1088 1241; x_wconf 84' lang='lat' dir='ltr'><strong>proxime</strong></span> <span class='ocrx_word' id='word_1_117' title='bbox 1122 1186 1416 1241; x_wconf 89' lang='lat' dir='ltr'><em>insequuntur</em></span> <span class='ocrx_word' id='word_1_118' title='bbox 1441 1183 1578 1227; x_wconf 87' lang='lat' dir='ltr'><em>verba</em></span> <span class='ocrx_word' id='word_1_119' title='bbox 1603 1185 1822 1242; x_wconf 87' lang='lat' dir='ltr'><em>prosperis</em></span> <span class='ocrx_word' id='word_1_120' title='bbox 1857 1191 1946 1226; x_wconf 88' lang='lat' dir='ltr'><em>tum</em></span> <span class='ocrx_word' id='word_1_121' title='bbox 1977 1185 2161 1226; x_wconf 73' lang='lat' dir='ltr'><em>maa-ime</em></span> <span class='ocrx_word' id='word_1_122' title='bbox 2192 1182 2351 1227; x_wconf 85' lang='lat' dir='ltr'><em>bellicis</em></span> <span class='ocrx_word' id='word_1_123' title='bbox 2380 1183 2502 1228; x_wconf 86' lang='lat' dir='ltr'><em>rebus</em></span> <span class='ocrx_word' id='word_1_124' title='bbox 2533 1182 2614 1227; x_wconf 90' lang='lat' dir='ltr'><em>ob-</em></span> 
     </span>
     <span class='ocr_line' id='line_1_14' title="bbox 888 1257 2250 1311; baseline -0.001 -9"><span class='ocrx_word' id='word_1_125' title='bbox 888 1274 986 1302; x_wconf 88' lang='lat' dir='ltr'><em>esse</em></span> <span class='ocrx_word' id='word_1_126' title='bbox 1019 1260 1122 1303; x_wconf 86' lang='lat' dir='ltr'><em>huic</em></span> <span class='ocrx_word' id='word_1_127' title='bbox 1155 1259 1492 1302; x_wconf 84' lang='lat' dir='ltr'>conformationi</span> <span class='ocrx_word' id='word_1_128' title='bbox 1524 1257 1754 1311; x_wconf 82' lang='lat' dir='ltr'><em>videntur3</em></span> <span class='ocrx_word' id='word_1_129' title='bbox 2224 1263 2250 1279; x_wconf 70' lang='lat'>⁸</span> 
     </span>
     <span class='ocr_line' id='line_1_15' title="bbox 750 1333 2613 1392; baseline 0.001 -16"><span class='ocrx_word' id='word_1_130' title='bbox 750 1336 858 1376; x_wconf 86' lang='lat' dir='ltr'><em>alios</em></span> <span class='ocrx_word' id='word_1_131' title='bbox 889 1337 936 1376; x_wconf 85' lang='lat' dir='ltr'><em>in</em></span> <span class='ocrx_word' id='word_1_132' title='bbox 969 1336 1172 1392; x_wconf 75' lang='lat' dir='ltr'><em>hospitiis,</em></span> <span class='ocrx_word' id='word_1_133' title='bbox 1205 1336 1313 1376; x_wconf 90' lang='lat' dir='ltr'><em>alios</em></span> <span class='ocrx_word' id='word_1_134' title='bbox 1345 1349 1473 1391; x_wconf 76' lang='lat' dir='ltr'><em>vayos</em></span> <span class='ocrx_word' id='word_1_135' title='bbox 1499 1349 1581 1392; x_wconf 87' lang='lat' dir='ltr'><em>per</em></span> <span class='ocrx_word' id='word_1_136' title='bbox 1610 1334 1784 1377; x_wconf 77' lang='lat' dir='ltr'><em>hiberna</em></span> <span class='ocrx_word' id='word_1_137' title='bbox 1815 1335 1970 1376; x_wconf 86' lang='lat' dir='ltr'><em>milites</em></span> <span class='ocrx_word' id='word_1_138' title='bbox 1994 1366 2004 1376; x_wconf 93' lang='lat'><strong>.</strong></span> <span class='ocrx_word' id='word_1_139' title='bbox 2029 1366 2039 1376; x_wconf 94' lang='lat'><strong>.</strong></span> <span class='ocrx_word' id='word_1_140' title='bbox 2062 1333 2326 1392; x_wconf 73' lang='lat' dir='ltr'><em>excipiebant</em></span> <span class='ocrx_word' id='word_1_141' title='bbox 2357 1333 2429 1388; x_wconf 86' lang='lat'><em>33,</em></span> <span class='ocrx_word' id='word_1_142' title='bbox 2453 1333 2525 1388; x_wconf 89' lang='lat'>29,</span> <span class='ocrx_word' id='word_1_143' title='bbox 2548 1333 2575 1376; x_wconf 85' lang='lat'>2</span> <span class='ocrx_word' id='word_1_144' title='bbox 2609 1359 2613 1364; x_wconf 95' lang='lat'><em>·</em></span> 
     </span>
     <span class='ocr_line' id='line_1_16' title="bbox 750 1410 2194 1464; baseline 0.001 -12"><span class='ocrx_word' id='word_1_145' title='bbox 750 1411 804 1453; x_wconf 91' lang='lat' dir='ltr'><em>ab</em></span> <span class='ocrx_word' id='word_1_146' title='bbox 836 1412 924 1454; x_wconf 90' lang='lat' dir='ltr'><em>ima</em></span> <span class='ocrx_word' id='word_1_147' title='bbox 956 1413 1004 1453; x_wconf 86' lang='lat' dir='ltr'><em>in</em></span> <span class='ocrx_word' id='word_1_148' title='bbox 1036 1427 1246 1454; x_wconf 87' lang='lat' dir='ltr'><em>summam</em></span> <span class='ocrx_word' id='word_1_149' title='bbox 1280 1411 1530 1453; x_wconf 68' lang='lat' dir='ltr'><em>testudinem</em></span> <span class='ocrx_word' id='word_1_150' title='bbox 1555 1444 1563 1453; x_wconf 93' lang='lat'><strong>.</strong></span> <span class='ocrx_word' id='word_1_151' title='bbox 1590 1443 1598 1451; x_wconf 94' lang='lat'><em>.</em></span> <span class='ocrx_word' id='word_1_152' title='bbox 1624 1426 1720 1454; x_wconf 87' lang='lat' dir='ltr'><em>cum</em></span> <span class='ocrx_word' id='word_1_153' title='bbox 1751 1412 1978 1453; x_wconf 81' lang='lat' dir='ltr'><em>evasissent</em></span> <span class='ocrx_word' id='word_1_154' title='bbox 2006 1412 2080 1464; x_wconf 92' lang='lat'><em>44,</em></span> <span class='ocrx_word' id='word_1_155' title='bbox 2103 1410 2146 1464; x_wconf 88' lang='lat'>9,</span> <span class='ocrx_word' id='word_1_156' title='bbox 2169 1410 2194 1452; x_wconf 85' lang='lat' dir='ltr'><em>&#39;l</em></span> 
     </span>
     <span class='ocr_line' id='line_1_17' title="bbox 750 1484 2613 1544; baseline -0.002 -15"><span class='ocrx_word' id='word_1_157' title='bbox 750 1487 851 1529; x_wconf 75' lang='lat' dir='ltr'><em>haec</em></span> <span class='ocrx_word' id='word_1_158' title='bbox 884 1487 1120 1544; x_wconf 84' lang='lat' dir='ltr'><em>prudenter</em></span> <span class='ocrx_word' id='word_1_159' title='bbox 1155 1488 1456 1529; x_wconf 82' lang='lat' dir='ltr'><em>animadversa</em></span> <span class='ocrx_word' id='word_1_160' title='bbox 1490 1503 1517 1528; x_wconf 92' lang='lat' dir='ltr'><em>a</em></span> <span class='ocrx_word' id='word_1_161' title='bbox 1550 1489 1709 1529; x_wconf 88' lang='lat' dir='ltr'><em>maiore</em></span> <span class='ocrx_word' id='word_1_162' title='bbox 1748 1502 1846 1528; x_wconf 88' lang='lat' dir='ltr'><em>cum</em></span> <span class='ocrx_word' id='word_1_163' title='bbox 1876 1487 2062 1528; x_wconf 84' lang='lat' dir='ltr'><em>adsensu</em></span> <span class='ocrx_word' id='word_1_164' title='bbox 2100 1487 2241 1528; x_wconf 85' lang='lat' dir='ltr'><em>minor</em></span> <span class='ocrx_word' id='word_1_165' title='bbox 2267 1484 2413 1539; x_wconf 81' lang='lat' dir='ltr'><em>frater</em></span> <span class='ocrx_word' id='word_1_166' title='bbox 2452 1485 2613 1542; x_wconf 82' lang='lat' dir='ltr'><em>quique</em></span> 
     </span>
     <span class='ocr_line' id='line_1_18' title="bbox 888 1550 1746 1620; baseline 0 -15"><span class='ocrx_word' id='word_1_167' title='bbox 888 1578 983 1605; x_wconf 88' lang='lat' dir='ltr'><em>cum</em></span> <span class='ocrx_word' id='word_1_168' title='bbox 1014 1577 1058 1606; x_wconf 86' lang='lat' dir='ltr'><em>eo</em></span> <span class='ocrx_word' id='word_1_169' title='bbox 1089 1570 1215 1605; x_wconf 86' lang='lat' dir='ltr'><em>erant</em></span> <span class='ocrx_word' id='word_1_170' title='bbox 1243 1550 1496 1620; x_wconf 81' lang='lat' dir='ltr'><em>acceperunt</em></span> <span class='ocrx_word' id='word_1_171' title='bbox 1528 1563 1601 1617; x_wconf 92' lang='lat'><em>45,</em></span> <span class='ocrx_word' id='word_1_172' title='bbox 1627 1564 1696 1617; x_wconf 88' lang='lat'>11,</span> <span class='ocrx_word' id='word_1_173' title='bbox 1720 1563 1746 1605; x_wconf 88' lang='lat'>6</span> 
     </span>
     <span class='ocr_line' id='line_1_19' title="bbox 750 1638 2354 1697; baseline 0.001 -17"><span class='ocrx_word' id='word_1_174' title='bbox 750 1640 828 1696; x_wconf 80' lang='lat' dir='ltr'><em>qui</em></span> <span class='ocrx_word' id='word_1_175' title='bbox 855 1653 1004 1696; x_wconf 73' lang='lat' dir='ltr'><em>reyum</em></span> <span class='ocrx_word' id='word_1_176' title='bbox 1035 1655 1172 1693; x_wconf 88' lang='lat' dir='ltr'><em>suam,</em></span> <span class='ocrx_word' id='word_1_177' title='bbox 1206 1639 1353 1682; x_wconf 81' lang='lat' dir='ltr'><em>Persei</em></span> <span class='ocrx_word' id='word_1_178' title='bbox 1381 1640 1459 1697; x_wconf 84' lang='lat' dir='ltr'><em>qui</em></span> <span class='ocrx_word' id='word_1_179' title='bbox 1488 1641 1677 1682; x_wconf 75' lang='lat' dir='ltr'><em>secuturi</em></span> <span class='ocrx_word' id='word_1_180' title='bbox 1705 1640 1942 1682; x_wconf 81' lang='lat' dir='ltr'><em>amicitiam</em></span> <span class='ocrx_word' id='word_1_181' title='bbox 1972 1645 2106 1682; x_wconf 80' lang='lat' dir='ltr'><em>essent</em></span> <span class='ocrx_word' id='word_1_182' title='bbox 2135 1639 2210 1693; x_wconf 87' lang='lat'>42,</span> <span class='ocrx_word' id='word_1_183' title='bbox 2236 1639 2306 1693; x_wconf 89' lang='lat'>19,</span> <span class='ocrx_word' id='word_1_184' title='bbox 2328 1638 2354 1681; x_wconf 92' lang='lat'>3</span> 
     </span>
     <span class='ocr_line' id='line_1_20' title="bbox 741 1713 2501 1773; baseline -0.001 -16"><span class='ocrx_word' id='word_1_185' title='bbox 741 1716 951 1772; x_wconf 85' lang='lat' dir='ltr'><em>potiorem</em></span> <span class='ocrx_word' id='word_1_186' title='bbox 975 1716 1134 1773; x_wconf 87' lang='lat' dir='ltr'><em>populi</em></span> <span class='ocrx_word' id='word_1_187' title='bbox 1163 1715 1351 1757; x_wconf 85' lang='lat' dir='ltr'><em>Romani</em></span> <span class='ocrx_word' id='word_1_188' title='bbox 1380 1729 1512 1773; x_wconf 78' lang='lat' dir='ltr'><em>quam</em></span> <span class='ocrx_word' id='word_1_189' title='bbox 1543 1716 1654 1773; x_wconf 74' lang='lat' dir='ltr'><em>reqis</em></span> <span class='ocrx_word' id='word_1_190' title='bbox 1684 1715 1835 1758; x_wconf 85' lang='lat' dir='ltr'><em>Persei</em></span> <span class='ocrx_word' id='word_1_191' title='bbox 1862 1715 2099 1758; x_wconf 82' lang='lat' dir='ltr'><em>amicitiam</em></span> <span class='ocrx_word' id='word_1_192' title='bbox 2130 1713 2281 1758; x_wconf 72' lang='lat' dir='ltr'><em>habere</em></span> <span class='ocrx_word' id='word_1_193' title='bbox 2312 1714 2387 1768; x_wconf 87' lang='lat'><em>43,</em></span> <span class='ocrx_word' id='word_1_194' title='bbox 2410 1715 2452 1768; x_wconf 88' lang='lat'><em>7,</em></span> <span class='ocrx_word' id='word_1_195' title='bbox 2475 1714 2501 1756; x_wconf 88' lang='grc'><strong>3</strong></span> 
     </span>
     <span class='ocr_line' id='line_1_21' title="bbox 748 1790 2485 1848; baseline 0 -16"><span class='ocrx_word' id='word_1_196' title='bbox 748 1792 1012 1832; x_wconf 85' lang='lat' dir='ltr'><em>munimenta</em></span> <span class='ocrx_word' id='word_1_197' title='bbox 1044 1823 1054 1833; x_wconf 93' lang='lat'><strong>.</strong></span> <span class='ocrx_word' id='word_1_198' title='bbox 1079 1822 1089 1833; x_wconf 88' lang='lat'><strong>.</strong></span> <span class='ocrx_word' id='word_1_199' title='bbox 1114 1806 1141 1832; x_wconf 89' lang='lat' dir='ltr'><em>a</em></span> <span class='ocrx_word' id='word_1_200' title='bbox 1176 1791 1450 1834; x_wconf 84' lang='lat' dir='ltr'><em>Macedonico</em></span> <span class='ocrx_word' id='word_1_201' title='bbox 1481 1792 1542 1833; x_wconf 89' lang='lat' dir='ltr'><em>ad</em></span> <span class='ocrx_word' id='word_1_202' title='bbox 1580 1790 1865 1834; x_wconf 83' lang='lat' dir='ltr'><em>Toronaicum</em></span> <span class='ocrx_word' id='word_1_203' title='bbox 1894 1805 2013 1834; x_wconf 85' lang='lat' dir='ltr'><em>mare</em></span> <span class='ocrx_word' id='word_1_204' title='bbox 2037 1790 2235 1848; x_wconf 80' lang='lat' dir='ltr'><em>perducit</em></span> <span class='ocrx_word' id='word_1_205' title='bbox 2266 1791 2340 1844; x_wconf 87' lang='lat'><em>44,</em></span> <span class='ocrx_word' id='word_1_206' title='bbox 2366 1791 2435 1843; x_wconf 94' lang='grc'><em>11,</em></span> <span class='ocrx_word' id='word_1_207' title='bbox 2458 1791 2485 1832; x_wconf 90' lang='grc'>4</span> 
     </span>
     <span class='ocr_line' id='line_1_22' title="bbox 748 1864 2606 1924; baseline -0.001 -16"><span class='ocrx_word' id='word_1_208' title='bbox 748 1866 846 1908; x_wconf 73' lang='lat' dir='ltr'><em>hinc</em></span> <span class='ocrx_word' id='word_1_209' title='bbox 885 1865 1134 1919; x_wconf 85' lang='lat' dir='ltr'><em>Toronaico,</em></span> <span class='ocrx_word' id='word_1_210' title='bbox 1167 1867 1265 1910; x_wconf 79' lang='lat' dir='ltr'><em>hinc</em></span> <span class='ocrx_word' id='word_1_211' title='bbox 1298 1867 1572 1910; x_wconf 85' lang='lat' dir='ltr'><em>Macedonico</em></span> <span class='ocrx_word' id='word_1_212' title='bbox 1604 1873 1750 1923; x_wconf 83' lang='lat' dir='ltr'><em>saepta</em></span> <span class='ocrx_word' id='word_1_213' title='bbox 1784 1866 1963 1924; x_wconf 82' lang='lat' dir='ltr'><em>[mariJ.</em></span> <span class='ocrx_word' id='word_1_214' title='bbox 2002 1867 2155 1908; x_wconf 88' lang='lat' dir='ltr'><em>eminet</em></span> <span class='ocrx_word' id='word_1_215' title='bbox 2183 1864 2289 1909; x_wconf 83' lang='lat' dir='ltr'><em>ibid.</em></span> <span class='ocrx_word' id='word_1_216' title='bbox 2313 1865 2362 1918; x_wconf 80' lang='lat'><em>23</em></span> <span class='ocrx_word' id='word_1_217' title='bbox 2396 1864 2460 1908; x_wconf 85' lang='lat' dir='ltr'><em>sic</em></span> <span class='ocrx_word' id='word_1_218' title='bbox 2492 1864 2606 1907; x_wconf 88' lang='lat' dir='ltr'><em>euim</em></span> 
     </span>
     <span class='ocr_line' id='line_1_23' title="bbox 887 1940 2608 1999; baseline -0.001 -16"><span class='ocrx_word' id='word_1_219' title='bbox 887 1941 1006 1997; x_wconf 89' lang='lat' dir='ltr'><em>quod</em></span> <span class='ocrx_word' id='word_1_220' title='bbox 1045 1943 1089 1983; x_wconf 89' lang='lat' dir='ltr'><em>in</em></span> <span class='ocrx_word' id='word_1_221' title='bbox 1132 1941 1286 1984; x_wconf 83' lang='lat' dir='ltr'><em>codice</em></span> <span class='ocrx_word' id='word_1_222' title='bbox 1327 1947 1395 1985; x_wconf 91' lang='lat' dir='ltr'><em>est</em></span> <span class='ocrx_word' id='word_1_223' title='bbox 1426 1949 1615 1999; x_wconf 82' lang='lat' dir='ltr'><em>saeptam</em></span> <span class='ocrx_word' id='word_1_224' title='bbox 1646 1942 1874 1984; x_wconf 86' lang='lat' dir='ltr'><em>meminent</em></span> <span class='ocrx_word' id='word_1_225' title='bbox 1906 1940 2121 1984; x_wconf 80' lang='lat' dir='ltr'><em>suadente</em></span> <span class='ocrx_word' id='word_1_226' title='bbox 2160 1940 2299 1983; x_wconf 83' lang='lat' dir='ltr'><em>altero&#39;</em></span> <span class='ocrx_word' id='word_1_227' title='bbox 2339 1940 2438 1982; x_wconf 88' lang='lat' dir='ltr'><em>loco</em></span> <span class='ocrx_word' id='word_1_228' title='bbox 2470 1940 2608 1982; x_wconf 85' lang='lat' dir='ltr'><em>corri-</em></span> 
     </span>
     <span class='ocr_line' id='line_1_24' title="bbox 884 2014 2609 2073; baseline -0.001 -15"><span class='ocrx_word' id='word_1_229' title='bbox 884 2015 1074 2072; x_wconf 89' lang='lat' dir='ltr'><em>gendum</em></span> <span class='ocrx_word' id='word_1_230' title='bbox 1117 2031 1215 2058; x_wconf 82' lang='lat' dir='ltr'><em>eum</em></span> <span class='ocrx_word' id='word_1_231' title='bbox 1256 2016 1477 2073; x_wconf 89' lang='lat' dir='ltr'><em>plerisque</em></span> <span class='ocrx_word' id='word_1_232' title='bbox 1522 2023 1730 2073; x_wconf 91' lang='lat' dir='ltr'><em>putamus</em></span> <span class='ocrx_word' id='word_1_233' title='bbox 1769 2016 1917 2072; x_wconf 85' lang='lat' dir='ltr'><em>potius</em></span> <span class='ocrx_word' id='word_1_234' title='bbox 1958 2030 2087 2071; x_wconf 86' lang='lat' dir='ltr'><em>quam</em></span> <span class='ocrx_word' id='word_1_235' title='bbox 2129 2030 2231 2058; x_wconf 86' lang='lat' dir='ltr'><em>eum</em></span> <span class='ocrx_word' id='word_1_236' title='bbox 2269 2014 2471 2057; x_wconf 87' lang='lat' dir='ltr'><em>Hartelio</em></span> <span class='ocrx_word' id='word_1_237' title='bbox 2509 2015 2609 2057; x_wconf 74' lang='lat' dir='ltr'><em>hinc</em></span> 
     </span>
     <span class='ocr_line' id='line_1_25' title="bbox 886 2091 1542 2149; baseline 0 -15"><span class='ocrx_word' id='word_1_238' title='bbox 886 2091 1041 2149; x_wconf 85' lang='lat' dir='ltr'><em>[mari]</em></span> <span class='ocrx_word' id='word_1_239' title='bbox 1076 2092 1350 2134; x_wconf 81' lang='lat' dir='ltr'><em>Macedonico</em></span> <span class='ocrx_word' id='word_1_240' title='bbox 1380 2099 1542 2149; x_wconf 84' lang='lat' dir='ltr'><em>saepta.</em></span> 
     </span>
     <span class='ocr_line' id='line_1_26' title="bbox 469 2165 2604 2225; baseline 0 -17"><span class='ocrx_word' id='word_1_241' title='bbox 469 2165 531 2208; x_wconf 87' lang='lat' dir='ltr'><em>Et</em></span> <span class='ocrx_word' id='word_1_242' title='bbox 570 2165 681 2209; x_wconf 87' lang='lat' dir='ltr'><em>haec</em></span> <span class='ocrx_word' id='word_1_243' title='bbox 721 2165 900 2223; x_wconf 87' lang='lat' dir='ltr'><em>quidem</em></span> <span class='ocrx_word' id='word_1_244' title='bbox 942 2165 1186 2209; x_wconf 87' lang='lat' dir='ltr'><em>ostendunt</em></span> <span class='ocrx_word' id='word_1_245' title='bbox 1223 2182 1374 2210; x_wconf 84' lang='lat' dir='ltr'><em>revera</em></span> <span class='ocrx_word' id='word_1_246' title='bbox 1411 2166 1588 2209; x_wconf 89' lang='lat' dir='ltr'><em>Livium</em></span> <span class='ocrx_word' id='word_1_247' title='bbox 1628 2181 1761 2224; x_wconf 86' lang='lat' dir='ltr'><em>saepe</em></span> <span class='ocrx_word' id='word_1_248' title='bbox 1799 2166 1843 2209; x_wconf 88' lang='lat' dir='ltr'><em>in</em></span> <span class='ocrx_word' id='word_1_249' title='bbox 1876 2167 2019 2225; x_wconf 88' lang='lat' dir='ltr'><em>priore</em></span> <span class='ocrx_word' id='word_1_250' title='bbox 2051 2166 2249 2211; x_wconf 87' lang='lat' dir='ltr'><em>membro</em></span> <span class='ocrx_word' id='word_1_251' title='bbox 2282 2166 2492 2211; x_wconf 84' lang='lat' dir='ltr'><em>orationis</em></span> <span class='ocrx_word' id='word_1_252' title='bbox 2524 2181 2604 2210; x_wconf 90' lang='lat' dir='ltr'><em>no-</em></span> 
     </span>
     <span class='ocr_line' id='line_1_27' title="bbox 467 2240 2604 2300; baseline 0.001 -16"><span class='ocrx_word' id='word_1_253' title='bbox 467 2257 570 2285; x_wconf 89' lang='lat' dir='ltr'><em>men</em></span> <span class='ocrx_word' id='word_1_254' title='bbox 601 2249 653 2285; x_wconf 89' lang='lat' dir='ltr'><em>ut</em></span> <span class='ocrx_word' id='word_1_255' title='bbox 685 2241 909 2285; x_wconf 79' lang='lat' dir='ltr'><em>audiretur</em></span> <span class='ocrx_word' id='word_1_256' title='bbox 938 2243 1217 2286; x_wconf 85' lang='lat' dir='ltr'><em>transtulisse</em></span> <span class='ocrx_word' id='word_1_257' title='bbox 1251 2242 1305 2285; x_wconf 87' lang='lat' dir='ltr'><em>ad</em></span> <span class='ocrx_word' id='word_1_258' title='bbox 1337 2243 1543 2294; x_wconf 84' lang='lat' dir='ltr'><em>alterum3</em></span> <span class='ocrx_word' id='word_1_259' title='bbox 1576 2241 1620 2285; x_wconf 90' lang='lat' dir='ltr'><em>id</em></span> <span class='ocrx_word' id='word_1_260' title='bbox 1651 2241 1772 2298; x_wconf 91' lang='lat' dir='ltr'><em>quod</em></span> <span class='ocrx_word' id='word_1_261' title='bbox 1804 2241 2060 2300; x_wconf 82' lang='lat' dir='ltr'><em>Madvigius</em></span> <span class='ocrx_word' id='word_1_262' title='bbox 2093 2240 2286 2299; x_wconf 85' lang='lat' dir='ltr'><em>negabat</em></span> <span class='ocrx_word' id='word_1_263' title='bbox 2319 2241 2415 2285; x_wconf 85' lang='lat' dir='ltr'><em>fieri</em></span> <span class='ocrx_word' id='word_1_264' title='bbox 2445 2256 2604 2300; x_wconf 72' lang='lat' dir='ltr'><em>posse3</em></span> 
     </span>
     <span class='ocr_line' id='line_1_28' title="bbox 468 2317 2602 2376; baseline 0 -15"><span class='ocrx_word' id='word_1_265' title='bbox 468 2319 543 2376; x_wconf 93' lang='lat' dir='ltr'><em>qui</em></span> <span class='ocrx_word' id='word_1_266' title='bbox 579 2317 756 2376; x_wconf 89' lang='lat' dir='ltr'><em>quidem</em></span> <span class='ocrx_word' id='word_1_267' title='bbox 791 2318 1085 2362; x_wconf 83' lang='lat' dir='ltr'><em>constantiam</em></span> <span class='ocrx_word' id='word_1_268' title='bbox 1117 2318 1324 2376; x_wconf 86' lang='lat' dir='ltr'><em>probavit</em></span> <span class='ocrx_word' id='word_1_269' title='bbox 1356 2319 1400 2362; x_wconf 90' lang='lat' dir='ltr'><em>in</em></span> <span class='ocrx_word' id='word_1_270' title='bbox 1434 2334 1486 2362; x_wconf 88' lang='lat' dir='ltr'><em>eo</em></span> <span class='ocrx_word' id='word_1_271' title='bbox 1519 2317 1639 2375; x_wconf 91' lang='lat' dir='ltr'><em>quod</em></span> <span class='ocrx_word' id='word_1_272' title='bbox 1669 2318 1744 2372; x_wconf 89' lang='lat'><em>42,</em></span> <span class='ocrx_word' id='word_1_273' title='bbox 1770 2319 1840 2372; x_wconf 89' lang='lat'><em>14,</em></span> <span class='ocrx_word' id='word_1_274' title='bbox 1863 2319 1889 2361; x_wconf 89' lang='lat'>6</span> <span class='ocrx_word' id='word_1_275' title='bbox 2598 2364 2602 2367; x_wconf 68' lang='grc'>,</span> 
     </span>
     <span class='ocr_line' id='line_1_29' title="bbox 742 2393 2624 2453; baseline 0.001 -16"><span class='ocrx_word' id='word_1_276' title='bbox 742 2394 804 2438; x_wconf 89' lang='lat' dir='ltr'><em>Et</em></span> <span class='ocrx_word' id='word_1_277' title='bbox 842 2395 994 2452; x_wconf 74' lang='lat' dir='ltr'><em>leqatz&#39;o</em></span> <span class='ocrx_word' id='word_1_278' title='bbox 1027 2394 1291 2439; x_wconf 76' lang='lat' dir='ltr'><em>Rhodiorum</em></span> <span class='ocrx_word' id='word_1_279' title='bbox 1329 2403 1425 2438; x_wconf 85' lang='lat' dir='ltr'><em>erat</em></span> <span class='ocrx_word' id='word_1_280' title='bbox 1454 2395 1532 2438; x_wconf 75' lang='lat' dir='ltr'><em>hac</em></span> <span class='ocrx_word' id='word_1_281' title='bbox 1561 2393 1814 2450; x_wconf 86' lang='lat' dir='ltr'><em>falsaturus</em></span> <span class='ocrx_word' id='word_1_282' title='bbox 1846 2396 2064 2453; x_wconf 85' lang='lat' dir='ltr'><em>princeps,</em></span> <span class='ocrx_word' id='word_1_283' title='bbox 2104 2395 2224 2439; x_wconf 72' lang='lat' dir='ltr'><em>haud</em></span> <span class='ocrx_word' id='word_1_284' title='bbox 2259 2395 2457 2453; x_wconf 72' lang='lat' dir='ltr'><em>dubius‘)</em></span> <span class='ocrx_word' id='word_1_285' title='bbox 2494 2397 2624 2453; x_wconf 76' lang='lat' dir='ltr'><em>quinv</em></span> 
     </span>
     <span class='ocr_line' id='line_1_30' title="bbox 742 2458 2495 2529; baseline 0.001 -17"><span class='ocrx_word' id='word_1_286' title='bbox 742 2471 951 2513; x_wconf 88' lang='lat' dir='ltr'><em>Eumenes</em></span> <span class='ocrx_word' id='word_1_287' title='bbox 983 2472 1166 2526; x_wconf 63' lang='lat' dir='ltr'><em>cip-itatis</em></span> <span class='ocrx_word' id='word_1_288' title='bbox 1195 2458 1364 2529; x_wconf 43' lang='lat' dir='ltr'><em>‘quoque</em></span> <span class='ocrx_word' id='word_1_289' title='bbox 1394 2486 1498 2514; x_wconf 85' lang='lat' dir='ltr'><em>suae</em></span> <span class='ocrx_word' id='word_1_290' title='bbox 1529 2471 1630 2527; x_wconf 87' lang='lat' dir='ltr'><em>(sua</em></span> <span class='ocrx_word' id='word_1_291' title='bbox 1664 2469 1785 2526; x_wconf 89' lang='lat' dir='ltr'><em>cod.)</em></span> <span class='ocrx_word' id='word_1_292' title='bbox 1818 2470 1969 2513; x_wconf 79' lang='lat' dir='ltr'><em>Persei</em></span> <span class='ocrx_word' id='word_1_293' title='bbox 1996 2471 2247 2514; x_wconf 79' lang='lat' dir='ltr'><em>criminibus</em></span> <span class='ocrx_word' id='word_1_294' title='bbox 2275 2472 2495 2526; x_wconf 71' lang='lat' dir='ltr'><em>ium-isset,</em></span> 
     </span>
     <span class='ocr_line' id='line_1_31' title="bbox 467 2544 2604 2603; baseline 0 -15"><span class='ocrx_word' id='word_1_295' title='bbox 467 2547 572 2602; x_wconf 89' lang='lat' dir='ltr'><em>quia</em></span> <span class='ocrx_word' id='word_1_296' title='bbox 600 2548 785 2589; x_wconf 84' lang='lat' dir='ltr'><em>crimina</em></span> <span class='ocrx_word' id='word_1_297' title='bbox 814 2561 868 2588; x_wconf 90' lang='lat' dir='ltr'><em>ex</em></span> <span class='ocrx_word' id='word_1_298' title='bbox 896 2561 948 2588; x_wconf 90' lang='lat' dir='ltr'><em>eo</em></span> <span class='ocrx_word' id='word_1_299' title='bbox 977 2544 1098 2602; x_wconf 88' lang='lat' dir='ltr'><em>quod</em></span> <span class='ocrx_word' id='word_1_300' title='bbox 1128 2554 1390 2602; x_wconf 86' lang='lat' dir='ltr'><em>sequeretur</em></span> <span class='ocrx_word' id='word_1_301' title='bbox 1416 2546 1667 2590; x_wconf 83' lang='lat' dir='ltr'><em>criminibus</em></span> <span class='ocrx_word' id='word_1_302' title='bbox 1693 2544 1834 2588; x_wconf 91' lang='lat' dir='ltr'><em>audiri</em></span> <span class='ocrx_word' id='word_1_303' title='bbox 1867 2561 1999 2603; x_wconf 86' lang='lat' dir='ltr'><em>posse</em></span> <span class='ocrx_word' id='word_1_304' title='bbox 2031 2545 2284 2601; x_wconf 84' lang='lat' dir='ltr'><em>dubitabat,</em></span> <span class='ocrx_word' id='word_1_305' title='bbox 2317 2552 2393 2590; x_wconf 87' lang='lat' dir='ltr'><em>aut</em></span> <span class='ocrx_word' id='word_1_306' title='bbox 2422 2547 2604 2590; x_wconf 87' lang='lat' dir='ltr'><em>inverso</em></span> 
     </span>
     <span class='ocr_line' id='line_1_32' title="bbox 468 2619 2602 2678; baseline 0 -14"><span class='ocrx_word' id='word_1_307' title='bbox 468 2621 622 2664; x_wconf 87' lang='lat' dir='ltr'><em>ordine</em></span> <span class='ocrx_word' id='word_1_308' title='bbox 649 2623 833 2664; x_wconf 76' lang='lat' dir='ltr'><em>civitatis</em></span> <span class='ocrx_word' id='word_1_309' title='bbox 858 2635 1025 2678; x_wconf 83' lang='lat' dir='ltr'><em>quoque</em></span> <span class='ocrx_word' id='word_1_310' title='bbox 1051 2636 1154 2663; x_wconf 87' lang='lat' dir='ltr'><em>suae</em></span> <span class='ocrx_word' id='word_1_311' title='bbox 1183 2623 1366 2664; x_wconf 86' lang='lat' dir='ltr'><em>crimina</em></span> <span class='ocrx_word' id='word_1_312' title='bbox 1390 2622 1539 2664; x_wconf 89' lang='lat' dir='ltr'><em>Persei</em></span> <span class='ocrx_word' id='word_1_313' title='bbox 1562 2622 1768 2664; x_wconf 69' lang='lat' dir='ltr'><em>iunxisset</em></span> <span class='ocrx_word' id='word_1_314' title='bbox 1796 2619 2074 2665; x_wconf 85' lang='lat' dir='ltr'><em>scribendum</em></span> <span class='ocrx_word' id='word_1_315' title='bbox 2106 2621 2242 2666; x_wconf 77' lang='lat' dir='ltr'><em>filisse</em></span> <span class='ocrx_word' id='word_1_316' title='bbox 2274 2621 2483 2676; x_wconf 86' lang='lat' dir='ltr'><em>affirmat,</em></span> <span class='ocrx_word' id='word_1_317' title='bbox 2523 2628 2602 2665; x_wconf 89' lang='lat' dir='ltr'><em>aut</em></span> 
     </span>
     <span class='ocr_line' id='line_1_33' title="bbox 465 2695 2603 2754; baseline 0.001 -16"><span class='ocrx_word' id='word_1_318' title='bbox 465 2697 604 2754; x_wconf 86' lang='lat' dir='ltr'><em>priori</em></span> <span class='ocrx_word' id='word_1_319' title='bbox 635 2696 750 2753; x_wconf 90' lang='lat' dir='ltr'><em>parti</em></span> <span class='ocrx_word' id='word_1_320' title='bbox 783 2711 909 2739; x_wconf 89' lang='lat' dir='ltr'><em>suum</em></span> <span class='ocrx_word' id='word_1_321' title='bbox 941 2711 1103 2739; x_wconf 90' lang='lat' dir='ltr'><em>nomen</em></span> <span class='ocrx_word' id='word_1_322' title='bbox 1136 2695 1405 2751; x_wconf 89' lang='lat' dir='ltr'><em>addendum,</em></span> <span class='ocrx_word' id='word_1_323' title='bbox 1438 2696 1567 2754; x_wconf 84' lang='lat' dir='ltr'><em>quale</em></span> <span class='ocrx_word' id='word_1_324' title='bbox 1594 2702 1664 2740; x_wconf 89' lang='lat' dir='ltr'><em>est</em></span> <span class='ocrx_word' id='word_1_325' title='bbox 1691 2695 1812 2752; x_wconf 89' lang='lat' dir='ltr'><em>quod</em></span> <span class='ocrx_word' id='word_1_326' title='bbox 1840 2696 2096 2739; x_wconf 86' lang='lat' dir='ltr'><em>coniectura</em></span> <span class='ocrx_word' id='word_1_327' title='bbox 2124 2696 2293 2740; x_wconf 85' lang='lat' dir='ltr'><em>invexit</em></span> <span class='ocrx_word' id='word_1_328' title='bbox 2320 2711 2420 2740; x_wconf 86' lang='lat' dir='ltr'><em>eum</em></span> <span class='ocrx_word' id='word_1_329' title='bbox 2447 2696 2603 2741; x_wconf 86' lang='lat' dir='ltr'><em>ederet</em></span> 
     </span>
     <span class='ocr_line' id='line_1_34' title="bbox 465 2771 2601 2832; baseline 0.002 -18"><span class='ocrx_word' id='word_1_330' title='bbox 465 2773 651 2815; x_wconf 76' lang='lat' dir='ltr'><em>civitatis</em></span> <span class='ocrx_word' id='word_1_331' title='bbox 681 2787 846 2830; x_wconf 81' lang='lat' dir='ltr'><em>quoque</em></span> <span class='ocrx_word' id='word_1_332' title='bbox 883 2787 986 2815; x_wconf 87' lang='lat' dir='ltr'><em>suae</em></span> <span class='ocrx_word' id='word_1_333' title='bbox 1026 2771 1376 2832; x_wconf 75' lang='lat' dir='ltr'><em>[insectationem]</em></span> <span class='ocrx_word' id='word_1_334' title='bbox 1419 2774 1565 2817; x_wconf 82' lang='lat' dir='ltr'><em>Persei</em></span> <span class='ocrx_word' id='word_1_335' title='bbox 1601 2773 1851 2816; x_wconf 84' lang='lat' dir='ltr'><em>criminibus</em></span> <span class='ocrx_word' id='word_1_336' title='bbox 1888 2774 2106 2816; x_wconf 72' lang='lat' dir='ltr'><em>iunxisset.</em></span> <span class='ocrx_word' id='word_1_337' title='bbox 2168 2772 2267 2817; x_wconf 86' lang='lat' dir='ltr'><em>Nos</em></span> <span class='ocrx_word' id='word_1_338' title='bbox 2305 2773 2342 2817; x_wconf 86' lang='lat' dir='ltr'><em>si</em></span> <span class='ocrx_word' id='word_1_339' title='bbox 2381 2773 2491 2818; x_wconf 86' lang='lat' dir='ltr'><em>istas</em></span> <span class='ocrx_word' id='word_1_340' title='bbox 2529 2789 2601 2817; x_wconf 82' lang='lat' dir='ltr'><em>ra-</em></span> 
     </span>
     <span class='ocr_line' id='line_1_35' title="bbox 463 2847 2599 2904; baseline 0.001 -14"><span class='ocrx_word' id='word_1_341' title='bbox 463 2849 611 2890; x_wconf 86' lang='lat' dir='ltr'><em>tiones</em></span> <span class='ocrx_word' id='word_1_342' title='bbox 651 2848 960 2904; x_wconf 86' lang='lat' dir='ltr'><em>probaremus,</em></span> <span class='ocrx_word' id='word_1_343' title='bbox 1007 2862 1060 2889; x_wconf 83' lang='lat' dir='ltr'><em>ex</em></span> <span class='ocrx_word' id='word_1_344' title='bbox 1100 2863 1152 2889; x_wconf 85' lang='lat' dir='ltr'><em>ea</em></span> <span class='ocrx_word' id='word_1_345' title='bbox 1190 2862 1321 2904; x_wconf 86' lang='lat' dir='ltr'><em>quam</em></span> <span class='ocrx_word' id='word_1_346' title='bbox 1360 2848 1550 2892; x_wconf 84' lang='lat' dir='ltr'><em>diximus</em></span> <span class='ocrx_word' id='word_1_347' title='bbox 1590 2847 1913 2892; x_wconf 84' lang='lat' dir='ltr'><em>consuetudine</em></span> <span class='ocrx_word' id='word_1_348' title='bbox 1948 2847 2139 2892; x_wconf 81' lang='lat' dir='ltr'><em>Liviana</em></span> <span class='ocrx_word' id='word_1_349' title='bbox 2175 2848 2244 2893; x_wconf 89' lang='lat' dir='ltr'><em>bis</em></span> <span class='ocrx_word' id='word_1_350' title='bbox 2284 2847 2400 2893; x_wconf 88' lang='lat' dir='ltr'><em>idem</em></span> <span class='ocrx_word' id='word_1_351' title='bbox 2438 2862 2599 2892; x_wconf 84' lang='lat' dir='ltr'><em>nomen</em></span> 
     </span>
     <span class='ocr_line' id='line_1_36' title="bbox 463 2919 2601 2983; baseline 0.001 -17"><span class='ocrx_word' id='word_1_352' title='bbox 463 2924 661 2981; x_wconf 89' lang='lat' dir='ltr'><em>positum</em></span> <span class='ocrx_word' id='word_1_353' title='bbox 694 2919 948 2977; x_wconf 82' lang='lat' dir='ltr'><em>mallemus,</em></span> <span class='ocrx_word' id='word_1_354' title='bbox 979 2924 1162 2966; x_wconf 80' lang='lat' dir='ltr'><em>civitatis</em></span> <span class='ocrx_word' id='word_1_355' title='bbox 1191 2938 1356 2982; x_wconf 82' lang='lat' dir='ltr'><em>quoque</em></span> <span class='ocrx_word' id='word_1_356' title='bbox 1385 2939 1489 2967; x_wconf 83' lang='lat' dir='ltr'><em>suae</em></span> <span class='ocrx_word' id='word_1_357' title='bbox 1521 2924 1741 2983; x_wconf 86' lang='lat' dir='ltr'><em>[crimina]</em></span> <span class='ocrx_word' id='word_1_358' title='bbox 1775 2923 1923 2967; x_wconf 84' lang='lat' dir='ltr'><em>Persei</em></span> <span class='ocrx_word' id='word_1_359' title='bbox 1950 2924 2202 2967; x_wconf 84' lang='lat' dir='ltr'><em>criminibus</em></span> <span class='ocrx_word' id='word_1_360' title='bbox 2229 2925 2449 2968; x_wconf 66' lang='lat' dir='ltr'><em>iunxisset.</em></span> <span class='ocrx_word' id='word_1_361' title='bbox 2509 2922 2601 2970; x_wconf 85' lang='lat' dir='ltr'><em>Sed</em></span> 
     </span>
     <span class='ocr_line' id='line_1_37' title="bbox 463 2997 2604 3062; baseline 0.001 -20"><span class='ocrx_word' id='word_1_362' title='bbox 463 2999 595 3042; x_wconf 89' lang='lat' dir='ltr'><em>nobis</em></span> <span class='ocrx_word' id='word_1_363' title='bbox 627 2997 785 3041; x_wconf 86' lang='lat' dir='ltr'><em>Livius</em></span> <span class='ocrx_word' id='word_1_364' title='bbox 817 2998 982 3041; x_wconf 89' lang='lat' dir='ltr'><em>invitus</em></span> <span class='ocrx_word' id='word_1_365' title='bbox 1016 3000 1117 3056; x_wconf 86' lang='lat' dir='ltr'><em>cogi</em></span> <span class='ocrx_word' id='word_1_366' title='bbox 1151 2999 1335 3053; x_wconf 88' lang='lat' dir='ltr'><em>videtur,</em></span> <span class='ocrx_word' id='word_1_367' title='bbox 1372 3001 1408 3043; x_wconf 91' lang='lat' dir='ltr'><em>si</em></span> <span class='ocrx_word' id='word_1_368' title='bbox 1442 3006 1519 3043; x_wconf 87' lang='lat' dir='ltr'><em>aut</em></span> <span class='ocrx_word' id='word_1_369' title='bbox 1551 3015 1677 3043; x_wconf 91' lang='lat' dir='ltr'><em>suum</em></span> <span class='ocrx_word' id='word_1_370' title='bbox 1709 2999 1885 3056; x_wconf 89' lang='lat' dir='ltr'><em>utrique</em></span> <span class='ocrx_word' id='word_1_371' title='bbox 1916 2999 2115 3043; x_wconf 86' lang='lat' dir='ltr'><em>membro</em></span> <span class='ocrx_word' id='word_1_372' title='bbox 2146 2999 2310 3044; x_wconf 80' lang='lat' dir='ltr'><em>addere</em></span> <span class='ocrx_word' id='word_1_373' title='bbox 2340 3014 2504 3046; x_wconf 82' lang='lat' dir='ltr'><em>nomen</em></span> <span class='ocrx_word' id='word_1_374' title='bbox 2533 3000 2604 3062; x_wconf 56' lang='lat' dir='ltr'><em>iil-&#39;-</em></span> 
     </span>
    </p>
   </div>
   <div class='ocr_carea' id='block_1_3' title="bbox 461 3153 2601 3278">
    <p class='ocr_par' dir='ltr' id='par_1_3' title="bbox 461 3153 2601 3278">
     <span class='ocr_line' id='line_1_38' title="bbox 670 3153 2596 3209; baseline 0.002 -18"><span class='ocrx_word' id='word_1_375' title='bbox 670 3153 712 3204; x_wconf 69' lang='lat'><em>⁸)</em></span> <span class='ocrx_word' id='word_1_376' title='bbox 751 3154 818 3192; x_wconf 93' lang='lat' dir='ltr'><em>De</em></span> <span class='ocrx_word' id='word_1_377' title='bbox 846 3153 980 3205; x_wconf 87' lang='lat' dir='ltr'><em>priore</em></span> <span class='ocrx_word' id='word_1_378' title='bbox 1008 3161 1124 3204; x_wconf 87' lang='lat' dir='ltr'><em>parte</em></span> <span class='ocrx_word' id='word_1_379' title='bbox 1155 3154 1271 3193; x_wconf 86' lang='lat' dir='ltr'><em>huius</em></span> <span class='ocrx_word' id='word_1_380' title='bbox 1301 3155 1376 3193; x_wconf 83' lang='lat' dir='ltr'><em>loci</em></span> <span class='ocrx_word' id='word_1_381' title='bbox 1410 3156 1526 3195; x_wconf 85' lang='lat' dir='ltr'><em>valde</em></span> <span class='ocrx_word' id='word_1_382' title='bbox 1565 3157 1783 3208; x_wconf 83' lang='lat' dir='ltr'><em>depravata</em></span> <span class='ocrx_word' id='word_1_383' title='bbox 1812 3164 1852 3196; x_wconf 85' lang='lat' dir='ltr'><em>et</em></span> <span class='ocrx_word' id='word_1_384' title='bbox 1886 3169 2008 3208; x_wconf 87' lang='lat' dir='ltr'><em>quam</em></span> <span class='ocrx_word' id='word_1_385' title='bbox 2039 3157 2265 3209; x_wconf 78' lang='lat' dir='ltr'><em>Madvigius</em></span> <span class='ocrx_word' id='word_1_386' title='bbox 2294 3169 2436 3208; x_wconf 86' lang='lat' dir='ltr'><em>parum</em></span> <span class='ocrx_word' id='word_1_387' title='bbox 2470 3156 2596 3196; x_wconf 79' lang='lat' dir='ltr'><em>felici-</em></span> 
     </span>
     <span class='ocr_line' id='line_1_39' title="bbox 461 3217 2601 3278; baseline 0 -15"><span class='ocrx_word' id='word_1_388' title='bbox 461 3234 523 3263; x_wconf 85' lang='lat' dir='ltr'><em>ter</em></span> <span class='ocrx_word' id='word_1_389' title='bbox 553 3223 753 3271; x_wconf 78' lang='lat' dir='ltr'><em>tractavit,</em></span> <span class='ocrx_word' id='word_1_390' title='bbox 784 3223 973 3272; x_wconf 85' lang='lat' dir='ltr'><em>quoniam</em></span> <span class='ocrx_word' id='word_1_391' title='bbox 1006 3217 1115 3261; x_wconf 73' lang='lat' dir='ltr'><em>brevi</em></span> <span class='ocrx_word' id='word_1_392' title='bbox 1146 3236 1224 3262; x_wconf 91' lang='lat' dir='ltr'><em>non</em></span> <span class='ocrx_word' id='word_1_393' title='bbox 1255 3230 1400 3274; x_wconf 82' lang='lat' dir='ltr'><em>potest,</em></span> <span class='ocrx_word' id='word_1_394' title='bbox 1431 3237 1535 3262; x_wconf 84' lang='lat' dir='ltr'><em>nunc</em></span> <span class='ocrx_word' id='word_1_395' title='bbox 1565 3237 1643 3263; x_wconf 87' lang='lat' dir='ltr'><em>non</em></span> <span class='ocrx_word' id='word_1_396' title='bbox 1674 3238 1850 3276; x_wconf 83' lang='lat' dir='ltr'><em>agemus,</em></span> <span class='ocrx_word' id='word_1_397' title='bbox 1884 3225 1987 3265; x_wconf 83' lang='lat' dir='ltr'><em>alias</em></span> <span class='ocrx_word' id='word_1_398' title='bbox 2017 3226 2069 3264; x_wconf 84' lang='lat' dir='ltr'><em>ad</em></span> <span class='ocrx_word' id='word_1_399' title='bbox 2098 3226 2201 3265; x_wconf 78' lang='lat' dir='ltr'><em>hano</em></span> <span class='ocrx_word' id='word_1_400' title='bbox 2229 3225 2505 3278; x_wconf 78' lang='lat' dir='ltr'><em>quaestionem</em></span> <span class='ocrx_word' id='word_1_401' title='bbox 2535 3237 2601 3264; x_wconf 85' lang='lat' dir='ltr'><em>re·</em></span> 
     </span>
    </p>
   </div>
   <div class='ocr_carea' id='block_1_4' title="bbox 459 3292 633 3332">
    <p class='ocr_par' dir='ltr' id='par_1_4' title="bbox 459 3292 633 3332">
     <span class='ocr_line' id='line_1_40' title="bbox 459 3292 633 3332; baseline 0.006 -2"><span class='ocrx_word' id='word_1_402' title='bbox 459 3292 633 3332; x_wconf 69' lang='lat' dir='ltr'><em>vei-suri.</em></span> 
     </span>
    </p>
   </div>
  </div>
 </body>
</html>
