2920 3859
1515 202 1576 250 14

467 338 630 395 ploque
653 337 907 380 Hasdrubal
929 369 938 378 .
959 370 968 379 .
987 339 1034 380 in
1058 345 1195 380 tutum
1216 340 1360 380 evasit.
1418 337 1564 393 Quam
1586 337 1768 382 tandem
1790 339 1835 380 in
1857 337 2050 384 editione
2072 354 2111 381 a.
2134 339 2246 382 1881
2271 338 2327 382 ab
2352 337 2610 382 Hermanno

475 412 675 457 Iohanne
706 413 927 457 Muellero
960 414 1210 458 restitutam
1243 413 1456 458 videmus.

685 487 859 542 Quibus
892 488 1098 532 addimus
1130 504 1219 532 non
1252 490 1346 533 sine
1379 490 1564 534 consilio

752 571 791 608 et
820 565 911 608 alia
943 565 1092 623 inqens
1115 566 1286 623 praeda
1309 564 1415 621 fuit,
1447 581 1580 624 quam
1601 565 1776 620 Hanno,
1804 565 2150 624 populabundus
2173 566 2340 624 passim
2371 579 2468 609 cum
2497 564 2609 619 isset,

890 655 941 684 ex
971 642 1177 685 sociorum
1201 658 1249 700 p.
1268 642 1326 685 R.
1359 643 1477 700 aym
1510 632 1704 686 traxerat
1734 642 1809 696 25,
1835 643 1906 697 14,
1931 643 1983 685 11

753 716 828 759 Ad
866 717 1085 772 ducentos,
1130 718 1386 775 improvidos
1424 734 1521 761 cum
1561 718 1833 772 invasissent,
1874 718 2075 761 occidunt
2119 717 2192 773 29,
2215 718 2255 769 7,
2280 719 2326 770 93
2369 732 2482 775 quae
2522 730 2613 760 non

892 808 1067 851 semper
1104 793 1168 837 sic
1200 800 1250 837 ut
1288 809 1370 851 par
1409 800 1476 837 est
1515 793 1889 852 interpunguntur
1926 799 1972 838 et
2002 809 2029 837 a
2059 792 2283 837 nonnullis
2325 807 2466 851 prave·
2498 791 2615 837 acei-

891 869 1093 925 piuntur;

754 945 815 986 ad
845 946 1066 987 insulam.
1093 977 1103 986 .
1128 977 1138 986 .
1161 945 1428 1002 appulerunt
1456 952 1506 997 et,
1539 945 1694 1002 quibus
1725 952 1824 988 ante
1854 945 2157 988 abstinuerant
2187 946 2352 1003 templis
2382 945 2610 1003 Quisque,

891 1037 989 1063 cum
1021 1021 1226 1063 hostiliter
1256 1021 1536 1078 diripuissent
1567 1022 1639 1074 37,
1664 1022 1737 1075 21,
1763 1022 1788 1063 7

757 1095 826 1139 Ibi
853 1104 996 1139 castra
1029 1104 1210 1140 metatus
1243 1097 1375 1140 latius
1404 1113 1536 1154 quam
1570 1112 1653 1154 pro
1691 1098 1821 1154 copiis
1859 1105 1899 1140 et
1932 1097 2103 1154 plures,
2134 1113 2267 1156 quam
2298 1104 2401 1155 quot
2429 1097 2534 1140 satis
2565 1096 2615 1138 in

893 1188 1019 1214 usum
1049 1180 1186 1225 erant,
1218 1173 1336 1229 iqnes
1368 1188 1465 1215 cum
1495 1174 1754 1216 accendisset
1784 1173 1858 1227 36,
1882 1174 1954 1227 10,
1980 1173 2048 1215 12.

480 1249 607 1292 Haec
641 1248 806 1292 selecta
838 1247 893 1291 de
921 1248 1069 1291 multis
1096 1247 1229 1290 fidem
1257 1247 1439 1302 dabunt,
1472 1248 1557 1292 illis
1589 1247 1762 1293 duobus
1795 1248 1922 1303 locis,
1953 1263 2067 1306 quae
2098 1248 2314 1306 principio
2347 1254 2451 1292 sunt
2482 1247 2614 1291 huius

480 1325 660 1382 capitis,
698 1324 961 1382 particulam
999 1340 1145 1368 errore
1184 1324 1393 1368 omissam
1428 1341 1481 1368 eo
1520 1325 1619 1368 loco
1653 1341 1678 1368 a
1709 1325 1837 1369 nobis
1874 1325 2098 1383 interponi
2128 1324 2297 1369 iussam
2329 1340 2447 1380 esse,
2484 1339 2614 1382 quem

481 1408 715 1458 utrumque
737 1407 782 1443 et
802 1400 1093 1459 probabilitas
1117 1399 1307 1443 addendi
1330 1406 1374 1442 et
1394 1401 1669 1445 certissimus
1691 1416 1787 1444 mos
1809 1401 2026 1445 Livianus
2048 1399 2312 1444 ostenderet.
2364 1399 2492 1457 Quae
2514 1415 2616 1444 cum

482 1478 543 1519 ita
575 1478 677 1530 sint,
710 1491 793 1519 nec
816 1491 929 1532 quae
961 1478 1036 1530 44,
1059 1477 1131 1530 37,
1154 1477 1180 1519 8
1215 1482 1319 1519 sunt
1349 1476 1395 1518 in
1417 1475 1582 1530 codice,
1615 1485 1745 1530 nocte,
1777 1493 1910 1535 quam
1935 1477 2080 1534 pridie
2099 1492 2238 1519 nonas
2259 1476 2517 1534 Septembres
2547 1478 2617 1519 in-

480 1560 621 1595 secuta
643 1560 704 1595 est
724 1554 824 1605 dies,
852 1553 967 1595 edita
989 1553 1096 1594 luna
1119 1552 1221 1594 hora
1244 1567 1340 1594 cum
1362 1550 1584 1607 defecisset,
1613 1559 1733 1596 recte
1759 1553 1991 1610 transponi
2013 1551 2231 1607 videntur,
2258 1553 2371 1595 edita
2394 1553 2497 1595 hora
2519 1568 2618 1595 cum

482 1630 591 1671 luna
624 1628 835 1682 defecisset
873 1627 960 1683 (sic
1000 1628 1045 1670 in
1084 1634 1273 1684 utraque
1313 1626 1506 1671 editione
1538 1626 2009 1686 Weissenborniana),
2062 1643 2162 1671 cum
2203 1628 2312 1671 satis
2351 1627 2410 1671 sit
2448 1627 2617 1686 reponi,
2652 1679 2654 1683 Ι

482 1703 604 1761 quod
638 1703 742 1748 olim
773 1704 1053 1762 vulgabatur,
1085 1704 1198 1747 edita
1228 1704 1332 1746 liora
1361 1704 1464 1747 luna
1492 1720 1589 1747 cum
1616 1703 1723 1759 def,
1756 1719 1809 1747 ao
1841 1709 2036 1762 praestat
2066 1703 2255 1747 fortasse
2288 1703 2343 1747 ab
2371 1703 2490 1747 omni
2521 1718 2619 1747 cor-

482 1781 681 1823 rectione
713 1781 947 1833 absfinere,
982 1781 1019 1823 si
1052 1780 1228 1837 quidem
1262 1795 1351 1822 non
1382 1786 1471 1823 tam
1504 1780 1737 1823 collocatio
1771 1781 1870 1838 ipsa
1900 1779 2131 1823 offensioni
2170 1786 2240 1823 est
2273 1781 2474 1837 (poterat
2505 1779 2619 1823 enim

482 1856 580 1899 sine
615 1856 856 1900 offensione
889 1857 1021 1900 scribi
1054 1857 1164 1898 edito
1198 1857 1304 1898 luna
1337 1863 1539 1899 momento
1571 1872 1670 1899 cum
1701 1855 1806 1913 def.)
1841 1871 1973 1912 quam
2007 1855 2232 1899 cumulata
2261 1856 2620 1899 terminationum

483 1931 744 1987 similitudo,
784 1932 862 1975 sed
902 1932 1008 1975 talia
1039 1932 1218 1975 Livium
1258 1947 1348 1974 non
1389 1932 1601 1989 refugisse
1642 1932 1779 1975 multa
1818 1931 2020 1990 exempla
2058 1937 2331 1984 monstrant;
2373 1939 2417 1975 et
2453 1932 2623 1975 incerta

483 2014 589 2050 sunt
620 2022 733 2063 quae
765 2010 838 2061 44,
866 2010 935 2061 19,
962 2011 976 2049 1
1020 2024 1073 2050 ex
1097 2007 1294 2064 Grynaei
1317 2014 1361 2049 et
1382 2008 1631 2063 Kreyssigii
1664 2008 1885 2050 sententia
1910 2006 2043 2050 hodie
2070 2006 2323 2064 vulgantur,
2354 2023 2452 2050 cum
2477 2009 2526 2049 in
2551 2023 2622 2050 ea:-

484 2085 738 2140 spectatione
761 2092 910 2140 pattes
931 2082 1130 2137 fuissent,
1162 2084 1347 2124 ‘maxime
1377 2083 1588 2139 quidnam
1618 2083 1768 2125 consul
1797 2083 1849 2125 de
1869 2083 2140 2135 Macedonia,
2173 2083 2294 2125 cuius
2321 2098 2370 2125 ea
2394 2084 2622 2140 provincia

487 2168 602 2212 esset,
635 2157 822 2212 referret,
856 2160 968 2201 nihil
997 2175 1039 2201 se
1070 2159 1217 2201 habere
1247 2158 1432 2210 Paulus,
1469 2159 1584 2214 quod
1608 2158 1801 2211 referret,
1837 2157 1970 2216 [cum]
2005 2159 2198 2201 nondum
2227 2158 2365 2215 in[de]
2401 2159 2531 2215 leqati
2559 2173 2625 2201 re-

489 2235 660 2287 dissent,
695 2235 819 2276 dixit.
885 2232 999 2277 Cum
1032 2235 1148 2277 enim
1181 2233 1346 2276 omissa
1375 2249 1472 2276 cum
1503 2233 1722 2289 particula
1754 2233 1799 2275 in
1832 2232 1985 2276 codice
2017 2233 2231 2289 scriptum
2265 2233 2323 2277 sit
2354 2234 2546 2276 nondum
2575 2234 2625 2276 in

489 2310 622 2366 leqati
651 2310 869 2363 redissent,
914 2308 1210 2365 probabiliore
1252 2307 1487 2365 supplendi
1521 2324 1682 2365 genere
1715 2307 1855 2359 simul,
1883 2306 2191 2351 consuetudini
2221 2307 2436 2352 Livianae
2467 2308 2625 2352 melius

490 2384 696 2429 satisfieri
733 2384 954 2439 videatur,
995 2385 1031 2429 si
1069 2384 1299 2442 scripseris
1336 2385 1529 2428 nondum
1569 2384 1700 2442 [cum]
1736 2384 1868 2442 quati
1895 2384 2101 2427 redissent
2136 2383 2228 2428 sive
2265 2384 2457 2428 nondum
2491 2385 2623 2444 [cum]

487 2461 624 2520 in[de]
668 2462 797 2520 leqati
832 2462 1048 2515 redissent,
1091 2475 1357 2518 quamquam
1395 2461 1497 2503 inde
1538 2475 1592 2503 ex
1630 2461 1680 2503 in
1721 2475 1773 2503 eo
1815 2460 1913 2503 loco
1956 2475 2088 2517 quam
2127 2464 2248 2505 recte
2289 2460 2505 2505 efficiatur
2545 2460 2627 2505 du-

490 2539 695 2582 bitamus.
1184 2541 1186 2543 ’
2161 2588 2163 2590 ,

698 2626 742 2656 V.
807 2613 947 2656 Libro
970 2614 1044 2667 44,
1068 2614 1140 2666 21,
1158 2614 1184 2655 8
1214 2612 1323 2655 haec
1349 2618 1454 2655 sunt
1481 2612 1525 2654 in
1554 2610 1707 2654 codice
1725 2610 2075 2655 Vindobonensi.
2108 2628 2179 2656 eas
2207 2613 2433 2671 (leyiones)
2460 2614 2627 2671 repleri,

491 2697 539 2732 ut
558 2705 660 2731 sena
682 2690 804 2731 milia
820 2689 1039 2745 peditum,
1066 2696 1247 2730 trecenos
1270 2687 1471 2730 haberent
1489 2688 1662 2744 equites;
1693 2694 1844 2730 ceteros
1858 2688 2106 2746 peditesque
2125 2689 2174 2731 in
2188 2689 2421 2746 praesidiis
2442 2689 2626 2746 disponi.

492 2764 700 2807 Manoam
736 2764 982 2807 orationem
1008 2762 1246 2821 Grynaeus
1277 2763 1341 2805 ita
1372 2762 1609 2821 supplevit,
1641 2769 1691 2805 ut
1720 2769 1872 2806 ceteros
1905 2763 2097 2822 [equites]
2123 2765 2368 2822 peditesque
2400 2763 2627 2807 scriberet.

492 2838 662 2883 Contra
701 2839 912 2883 Hertzius
951 2847 1101 2883 ceteros
1132 2840 1296 2897 pedites
1337 2838 1614 2896 [equites]que
1655 2837 1795 2882 edidit
1834 2854 1887 2882 eo
1927 2845 2110 2883 auctore
2149 2855 2283 2896 quem
2322 2839 2418 2897 ipse
2460 2839 2629 2884 citavit.

492 2916 706 2974 Neglexit
737 2916 822 2959 hoc
855 2923 932 2959 aut
963 2915 1211 2974 repudiavit
1240 2915 1516 2973 Madvigius,
1556 2916 1631 2972 qui
1664 2915 1845 2958 retinuit
1877 2914 1998 2972 quod
2037 2914 2140 2959 inde
2171 2931 2198 2959 a
2229 2912 2439 2974 Grynaeo
2476 2915 2631 2974 vulga-

493 2993 647 3046 batur3
688 3008 777 3035 non
810 2993 1005 3050 neglexit
1043 2999 1088 3036 et
1120 2992 1384 3050 approbavit
1416 2991 1663 3035 Muellerus
1698 2993 1821 3049 (nam
1853 2990 2250 3036 Weissenbornius
2289 2992 2397 3050 quid
2428 2991 2632 3051 voluerit,

492 3085 582 3112 non
614 3069 789 3127 liquet).
855 3067 974 3124 Quid
1011 3075 1162 3126 potest
1199 3084 1298 3112 esse
1338 3068 1479 3111 levius
1512 3083 1643 3124 quam
1685 3068 1770 3112 ista
1800 3067 1980 3111 nomina
2011 3066 2098 3111 hoc
2129 3084 2186 3112 an
2229 3067 2306 3113 illo
2338 3067 2492 3112 ordine
2524 3082 2632 3111 con-

491 3147 644 3190 iuncta
673 3144 866 3189 fuerint?
902 3145 964 3188 Et
995 3151 1144 3188 tamen
1178 3144 1321 3202 quivis
1355 3143 1468 3187 seire
1500 3145 1660 3201 potuit,
1693 3144 1769 3201 qui
1800 3143 1934 3188 modo
1965 3144 2193 3202 scriptoris
2224 3159 2393 3188 morem
2425 3144 2556 3188 etiam
2586 3143 2634 3187 in

493 3237 539 3265 re
571 3222 743 3266 minuta
774 3220 1027 3276 attenderit,
1058 3220 1234 3264 Livium
1275 3220 1320 3264 in
1362 3219 1446 3263 hoc
1478 3220 1662 3263 astricto
1695 3235 1859 3278 genere
1891 3219 2069 3264 dicendi
2105 3219 2365 3278 plerumque
2395 3219 2511 3263 hano
2543 3218 2634 3263 col-

491 3299 757 3342 locationem
783 3299 944 3356 pedites
975 3299 1227 3355 equitesque,
1259 3311 1439 3354 perraro
1473 3296 1738 3339 contrariam
1776 3297 2012 3354 praeferre.
2077 3294 2198 3351 Quin
2236 3295 2373 3353 igitur
2407 3294 2634 3340 reddimus
