2920 3859
1495 208 1527 254 4

645 357 675 387 1.
740 343 794 387 In
827 343 941 387 libro
974 344 1048 397 44,
1072 344 1114 397 2,
1138 343 1164 385 2
1197 341 1308 385 haec
1339 342 1563 402 leguntur.

715 421 894 463 Placuit
926 434 1011 462 non
1043 420 1161 461 ultra
1193 419 1400 461 morando
1430 420 1477 461 in
1515 418 1738 462 Thessalia
1774 428 1934 478 tempus
1968 428 2109 474 terere,
2141 420 2215 462 sed
2243 434 2406 463 movere
2436 429 2587 464 extem-

707 496 787 552 plo
824 503 969 538 castra
1008 503 1134 552 atque
1169 494 1269 536 inde
1298 508 1473 550 perqere
1507 494 1641 551 [inde]
1681 496 1728 537 in
1759 495 2057 538 Macedoniam
2065 512 2079 546 ‚-
2123 503 2163 537 et
2191 504 2437 552 praetorem
2481 497 2590 539 dare

715 585 902 629 operam,
931 577 979 612 ut
1005 570 1145 624 eodem
1169 576 1350 626 tempore
1376 568 1526 612 classis
1549 583 1716 627 quoque
1740 569 1967 613 invehatur
1987 570 2167 614 boetium
2191 570 2395 615 litom'bm.
2447 571 2588 615 Prae-

718 654 804 688 ιον-ε
831 646 1004 686 dimisso
1033 645 1178 686 consul
1209 643 1288 701 (Q.
1319 643 1518 686 Marcius
1548 643 1807 702 Philippus)
1845 651 2119 689 menstruum
2146 646 2261 689 iusso
2287 646 2421 690 milite
2446 661 2588 690 secum

702 721 828 775 ferre
857 720 1086 777 profectus
1119 721 1292 760 decumo
1317 727 1418 776 post
1447 720 1516 760 die
1547 733 1679 776 quam
1711 709 1941 762 exercitum
1971 728 2195 779 acceperat
2223 728 2368 764 caetra
2396 722 2536 764 movit.

438 799 492 841 In
523 804 720 841 extrema
748 795 967 839 sententia
987 793 1055 837 Io.
1077 794 1178 837 Nic.
1202 793 1459 852 Madvigius
1482 794 1648 851 duplex
1675 794 2005 838 incommodum
2033 802 2078 839 et
2105 796 2316 855 cognovit
2341 795 2508 855 primus
2537 801 2583 839 et

439 873 620 917 sustulit
667 871 882 929 (Emend.
916 870 1092 913 Livian.
1128 887 1166 912 a.
1203 871 1319 913 1860
1356 886 1399 927 p.
1432 871 1567 927 558);
1614 871 1803 927 primum
1844 880 2105 915 menstruum
2138 873 2253 932 *quia
2291 887 2380 915 non
2426 871 2583 916 addito

438 950 615 993 nomine
644 948 738 992 sine
761 947 964 1004 exemplo
986 946 1219 1000 diceretur,
1253 945 1438 1000 addidit,
1472 945 1592 1002 quod
1622 946 1810 1004 intelligi
1832 946 2078 1002 videbatur,
2099 947 2388 1003 fiumentum3
2420 947 2584 992 deinde

430 1025 668 1084 profectus,
709 1023 829 1080 quod
861 1022 1010 1067 verbis
1048 1022 1164 1066 idem
1197 1022 1549 1080 significantibus
1582 1030 1725 1066 caetra
1757 1026 1886 1065 movit
1915 1025 2205 1079 praemissum
2242 1026 2484 1068 orationem
2515 1025 2584 1067 in-

438 1108 587 1160 eptam
609 1099 830 1154 redderet‚
858 1105 1086 1158 tamquam
1107 1096 1564 1156 ‘interpretamentum
1587 1097 1643 1141 ad
1671 1099 1842 1142 decumo
1871 1099 1939 1142 die
1968 1098 2258 1160 adscriptum'
2285 1100 2460 1145 delevit.
2508 1100 2582 1144 Ex

440 1178 601 1235 quibus
633 1185 897 1221 menstruum
929 1175 1173 1219 omittimus
1210 1179 1261 1218 ut
1293 1173 1570 1231 ambiguum3
1608 1191 1710 1218 nam
1741 1174 1839 1218 hoc'
1859 1174 1977 1219 nude
2009 1176 2205 1234 positum
2245 1193 2334 1221 non
2367 1177 2583 1220 habemus

438 1255 516 1311 qui
549 1253 826 1298 stabiliamus
859 1249 1153 1310 (Graecorum
1185 1250 1301 1293 enim
1328 1266 1412 1294 usu
1445 1246 1497 1292 τοῖ
1525 1250 1706 1306 ἐπιμήνια
1733 1251 2002 1306 vocantium,
2034 1267 2148 1308 quae
2177 1250 2336 1296 Cicero
2362 1261 2584 1296 menstrua

438 1330 604 1373 cibaria
638 1328 763 1383 dixit,
796 1343 885 1371 non
906 1326 1094 1370 multum
1118 1326 1418 1384 adiuvamur),
1453 1325 1534 1369 sed
1556 1341 1611 1369 ne
1644 1325 1822 1370 auctam
1842 1326 2022 1384 quidem
2055 1327 2315 1383 orationem,
2347 1343 2461 1385 quae
2492 1344 2583 1372 non

438 1406 584 1448 minus
617 1404 855 1462 singularis
889 1409 968 1457 est,
1002 1402 1134 1444 Livio
1169 1402 1276 1444 satis
1299 1407 1419 1444 certo
1452 1401 1576 1445 reddi
1609 1408 1831 1460 putamus.
1886 1402 1958 1445 De
1982 1402 2200 1462 profectus
2224 1402 2385 1448 dicturi
2409 1418 2583 1449 sumus:

439 1481 495 1522 de
530 1496 618 1537 quo
639 1478 1051 1533 Weissenbornius,
1083 1477 1342 1521 adversatus
1373 1483 1423 1519 ut
1455 1477 1631 1521 solebat
1650 1476 1896 1536 Madvigio,
1929 1478 2069 1522 ascita
2098 1478 2309 1524 universa
2336 1476 2583 1536 4μεικρολογιίιρ

438 1557 643 1609 Liviana,
685 1570 797 1612 quae
831 1555 970 1596 multa
1001 1554 1138 1596 habet
1170 1560 1214 1594 et
1247 1567 1379 1610 saepe
1412 1553 1714 1596 memorabilia
1751 1554 1968 1612 exempla,
2009 1554 2234 1599 vacillanti
2265 1542 2432 1599 iudicio
2472 1554 2582 1599 nihil

438 1631 677 1674 admodum
710 1630 765 1672 ad
797 1629 911 1671 hanc
942 1644 1036 1672 rem
1069 1629 1190 1686 quod
1222 1628 1389 1671 valeret
1421 1627 1578 1671 effecit.
1644 1628 1803 1687 Nuper
1833 1644 1938 1673 vero
1981 1630 2036 1674 ab
2071 1628 2297 1674 Guilelmo
2334 1630 2389 1676 ab
2421 1629 2581 1675 Hartel

439 1708 561 1764 quod
593 1706 870 1765 propositum
904 1711 985 1760 est,
1025 1708 1141 1748 iusso
1172 1707 1304 1747 milite
1333 1719 1473 1747 secum
1498 1704 1618 1758 serre
1642 1703 1847 1763 profecto,
1886 1720 2089 1749 veremur
2118 1721 2174 1749 ne
2205 1706 2346 1766 magis
2379 1706 2580 1751 mirabile

437 1783 645 1825 videatur
676 1797 808 1838 quam
831 1781 951 1838 quod
985 1782 1145 1824 auferri
1179 1780 1455 1823 emendando
1489 1780 1654 1832 voluit3
1687 1780 1771 1824 hac
1804 1781 1918 1823 enim
1950 1782 2173 1840 participii
2204 1782 2346 1826 forma
2378 1782 2434 1826 ad
2464 1783 2594 1826 iuno-

426 1859 548 1913 ferre
579 1857 752 1900 adiecta
782 1857 996 1899 inutiliter
1027 1858 1170 1899 oratio
1209 1864 1253 1898 et
1285 1857 1492 1899 insolenti
1524 1856 1657 1899 modo
1690 1863 1913 1910 oneratur,
1955 1871 2085 1914 quem
2128 1857 2447 1916 geminatorum
2479 1864 2592 1915 par-'

436 1935 688 1993 tieipiorum
722 1933 926 1990 exempla
958 1948 1072 1990 quae
1103 1933 1328 1992 congessit
1360 1932 1618 1975 confirmare
1650 1947 1739 1975 non
1771 1938 1973 1990 possunt.
2028 1932 2118 1978 Sed
2141 1931 2399 1993 Madvigius
2426 1934 2587 1993 paucis

437 2012 564 2055 annis
596 2019 716 2067 post,
755 2025 855 2053 cum
889 2009 946 2052 ad
979 2010 1062 2053 hos
1095 2010 1231 2054 libros
1265 2008 1460 2052 edendos
1492 2010 1701 2063 venisset,
1742 2009 1926 2052 alterum
1960 2009 2154 2053 eiusdem
2186 2010 2399 2054 orationis
2431 2022 2593 2054 exem-'

436 2087 575 2145 plum,
608 2085 730 2143 quod
762 2086 900 2129 aciem
933 2086 1028 2129 eius
1061 2094 1162 2128 ante
1195 2084 1423 2142 effugerat,
1456 2084 1659 2139 attendit,
1691 2086 1765 2139 42,
1788 2086 1861 2139 54,
1885 2086 1910 2127 6

712 2161 872 2205 Diruta
902 2176 1063 2218 mayna
1095 2175 1145 2203 ea·
1168 2169 1297 2218 parte
1328 2168 1367 2204 et
1395 2162 1561 2204 incenso
1593 2161 1748 2219 oppido
1779 2160 2007 2218 profectus
2039 2161 2101 2204 ad
2123 2160 2404 2205 Phalannam
2437 2169 2581 2206 caetra

714 2239 864 2288 movit,-
895 2237 994 2279 inde
1018 2244 1186 2294 postero
1219 2237 1286 2279 die
1323 2235 1555 2294 Gyrtonem
1580 2237 1784 2295 pervenit.

440 2312 543 2368 Qua
589 2328 638 2355 re
679 2312 790 2354 nihil
832 2317 979 2354 motus
1027 2317 1071 2353 et
1116 2326 1408 2369 perseverans
1461 2313 1505 2354 in
1549 2311 1769 2354 sententia
1816 2311 1906 2353 lata
1952 2326 2104 2355 rursus
2153 2310 2289 2355 deleri
2337 2311 2580 2356 absurdum

438 2388 719 2446 participium
759 2387 904 2441 iussit,
942 2387 1026 2430 nisi
1067 2386 1164 2444 quis
1201 2387 1315 2430 forte
1352 2387 1557 2431 maluerit
1595 2394 1739 2430 caetra
1778 2387 1924 2444 posuit
1958 2386 2114 2440 scribi3
2156 2402 2244 2444 qua
2283 2386 2339 2431 de
2378 2403 2427 2431 re
2465 2387 2578 2431 dixit

438 2481 477 2507 a.
514 2465 629 2508 1864
661 2464 706 2507 in
739 2463 1014 2521 praefatione
1047 2462 1253 2507 editionis
1284 2480 1329 2521 p.
1352 2476 1431 2506 xv,
1493 2463 1547 2506 In
1588 2478 1677 2519 qua
1715 2463 1924 2519 opinione
1964 2463 2067 2506 olim
2099 2462 2329 2508 Hartelius
2370 2480 2469 2507 eum
2509 2479 2579 2508 se-

439 2548 568 2584 cutus
602 2546 708 2594 erat,
747 2538 826 2584 sed
858 2547 908 2583 ut
938 2547 1080 2583 castra
1105 2541 1320 2598 promovit
1349 2538 1670 2584 restituendum
1703 2546 1924 2590 censeret;
1963 2538 2078 2583 idem
2111 2554 2255 2598 nuper
2278 2539 2585 2598 proficiscendi

439 2616 666 2660 notionem
688 2614 884 2659 additam
907 2615 952 2659 in
975 2615 1059 2659 hac
1080 2616 1281 2659 oratione
1301 2615 1483 2660 tolerari
1506 2630 1641 2673 posse
1669 2613 1898 2670 iudicavit,
1923 2620 2160 2673 propterea
2179 2615 2302 2673 quod
2323 2615 2454 2660 simul
2474 2615 2577 2659 finis

438 2692 610 2736 itineris
644 2691 902 2749 designatus
941 2698 1071 2736 esset.
1126 2690 1297 2735 Verum
1339 2691 1408 2736 his
1440 2690 1616 2735 duobus
1649 2691 1827 2735 tertium
1868 2690 2042 2735 accedit
2073 2691 2336 2750 exemplum,
2376 2691 2496 2749 quod
2533 2698 2589 2736 et'

437 2768 690 2813 Hartelium
721 2767 877 2811 fefellit
919 2774 962 2811 et
995 2773 1125 2811 antea
1155 2767 1451 2826 Madvigium,
1491 2768 1568 2824 qui
1601 2783 1714 2825 quae
1745 2767 1791 2810 in
1823 2767 2099 2825 praefatione
2131 2767 2417 2822 disseruerat,
2457 2767 2578 2811 nulla

436 2860 484 2888 re
517 2842 670 2887 addita
702 2859 741 2887 a.
780 2844 891 2887 1877
931 2843 976 2886 in
1019 2844 1228 2902 repetitas
1266 2842 1613 2888 Emendationes
1651 2843 1862 2887 Livianae
1905 2843 2086 2901 recepit.
2150 2842 2342 2902 Legitur
2379 2843 2495 2887 enim
2531 2843 2578 2887 in

362 2918 366 2921 ’
430 2920 549 2965 libro
583 2920 657 2973 21,
678 2919 753 2973 48,
775 2919 804 2960 4

714 2993 860 3052 Scipio
876 3027 885 3036 .
906 3026 916 3035 .
949 3009 1214 3051 quamquam
1237 2997 1384 3052 qravia
1401 2995 1549 3038 'adhuc
1576 2996 1748 3038 vulnere
1774 3003 1880 3049 erat,
1915 3001 2055 3037 tamen
2082 3003 2241 3052 quarta
2268 2995 2418 3052 viqilia
2445 2996 2589 3052 noctia-

711 3071 968 3128 ineequentis
998 3071 1123 3113 tacito
1150 3072 1317 3128 aqmine
1343 3070 1570 3129 profectus
1596 3072 1659 3114 ad
1684 3070 1882 3114 Trebiam
1894 3070 2080 3128 fluvium
2105 3072 2195 3113 iam
2220 3071 2270 3113 in
2298 3071 2388 3115 loca
2418 3071 2588 3114 altiora·

712 3147 919 3205 collesque
945 3146 1229 3204 impeditiores
1257 3148 1391 3205 equiti
1415 3155 1559 3190 caetra
1585 3154 1728 3190 movet.

434 3223 560 3267 Haec
582 3229 731 3266 autem
753 3220 841 3265 tria
862 3221 1090 3266 enuntiata
1110 3222 1227 3265 inter
1249 3237 1296 3265 se
1317 3222 1450 3280 plane
1471 3222 1596 3280 paria
1618 3223 1694 3280 qui
1717 3221 2009 3278 contenderit,
2038 3221 2267 3278 concedet,
2296 3236 2396 3266 cum
2420 3220 2575 3266 eodem

434 3298 718 3343 incommodo
746 3298 964 3353 laborent,
998 3297 1155 3342 eodem
1179 3312 1277 3341 esse
1299 3297 1492 3341 remedio
1522 3297 1734 3354 sananda,
1769 3298 1888 3355 quod
1920 3313 2011 3342 non
2037 3304 2188 3357 potest
2209 3313 2305 3343 esse
2331 3298 2418 3342 nisi
2438 3297 2588 3356 parti--
