2920 3859
1509 186 1537 232 6

459 319 612 363 addita
638 318 790 363 afferre
818 326 1019 378 apertum
1041 325 1121 364 est.
1175 319 1335 377 Neque
1357 319 1517 364 Livius
1548 336 1637 364 non
1669 325 1848 379 poterat
1874 319 1943 363 vel
1974 318 2061 363 hoc
2088 318 2221 363 modo
2252 325 2370 363 recte
2402 320 2596 365 seribere

456 397 598 438 media
630 403 750 438 nocte
774 394 991 453 profectus
1023 404 1166 439 castra
1197 398 1345 449 movit3
1387 395 1508 452 quod
1543 411 1633 439 non
1665 396 1807 454 magis
1845 395 2045 454 ineptum
2083 400 2177 439 erat
2206 410 2339 452 quam
2370 410 2486 453 quae
2518 394 2594 440 Ci-

459 471 608 514 ceroni
648 476 693 514 et
733 471 892 514 ceteris
931 471 1189 528 probantur,
1228 472 1420 528 elapsum
1459 472 1628 524 excidit,
1668 472 1908 528 complexus
1939 472 2131 515 continet.
2196 469 2480 529 Quamquam
2515 471 2594 528 qui

458 545 664 590 subtilius
696 562 785 590 rem
818 545 1106 604 perspexerit,
1138 545 1364 601 fatebitur,
1403 561 1494 589 non
1525 551 1691 589 temere
1722 547 1968 590 orationem
1998 547 2129 590 istam
2145 545 2404 601 abundare,
2437 539 2521 590 sed
2547 547 2596 596 in

457 622 576 665 omni
609 621 695 666 hoc
727 637 890 680 genere
921 621 966 665 id
1000 622 1095 679 agi,
1127 628 1176 665 ut
1206 620 1356 665 addito
1388 621 1622 679 participio
1653 622 1717 665 rei
1747 622 1971 678 gerendae
2002 623 2116 666 ratio
2148 621 2413 680 depingatur
2441 621 2595 680 legen-

457 696 604 754 tisque
637 697 766 754 quasi
798 702 901 741 ante
933 696 1089 741 oculos
1120 702 1336 755 ponatur,
1374 697 1429 741 ab
1469 696 1712 754 eodemque
1744 697 1930 741 consilio
1970 697 2107 742 verba
2130 697 2346 756 proficisci
2375 704 2420 741 et
2450 700 2595 742 casa-a

457 788 616 815 wwvere
637 774 682 815 in
705 788 876 816 summa
896 773 1229 831 propinquitate
1251 773 1482 816 notionum
1503 787 1594 816 non
1614 772 1865 817 abhorrere.
1913 771 2003 818 Sed
2024 773 2182 818 Livius
2203 774 2249 818 in
2269 773 2368 818 istis
2390 773 2595 818 enuntia-

456 849 515 891 tis
549 848 705 891 scitius
737 849 981 891 sententias
1012 848 1220 891 formavit
1249 848 1312 890 ita
1342 855 1393 890 ut
1423 864 1552 891 suum
1582 849 1758 906 utrique
1785 848 1921 892 verbo
1948 849 2204 906 appositum
2231 849 2441 894 adiiciens
2467 854 2596 908 grata

458 922 650 979 quadam
684 923 998 980 aequabilitate
1030 924 1276 966 orationem
1308 923 1624 980 distingueret,
1662 925 1830 966 incenso
1867 925 2023 982 oppido
2051 923 2271 981 profectus
2310 926 2371 967 ad
2397 925 2592 969 Phalan-

458 1016 562 1041 nam
592 1008 735 1042 castra
757 1001 903 1051 movit3
937 1002 1062 1042 tacito
1093 1000 1261 1056 aymine
1283 998 1500 1056 profectus
1521 1000 1582 1040 ad
1608 998 1806 1041 Trebiam
1837 1007 1980 1042 caetra
2001 1000 2150 1052 movit3
2181 1001 2315 1043 milite
2344 1015 2426 1044 aua
2455 1015 2596 1044 secum

448 1074 568 1127 serre
598 1076 713 1117 iusso
739 1074 958 1132 profectus
989 1076 1063 1117 hoc
1093 1084 1132 1117 et
1159 1075 1234 1117 hoc
1271 1076 1339 1116 die
1374 1083 1517 1117 caetra
1553 1076 1694 1117 movit.
1750 1072 1898 1129 Quare
1929 1075 2094 1118 factum
2127 1080 2209 1129 est,
2241 1076 2279 1119 si
2310 1075 2417 1133 quid
2447 1081 2596 1120 tamen

458 1149 715 1192 offensionis
739 1158 807 1192 est
827 1151 872 1192 in
896 1151 1089 1194 eiusdem
1112 1150 1447 1208 significationis
1469 1150 1616 1193 verbis
1639 1150 1905 1204 coniunctis,
1937 1150 1983 1193 id
2003 1155 2054 1192 ut
2074 1150 2334 1207 plerumque
2366 1165 2422 1194 ne
2459 1151 2594 1195 senti·

459 1231 558 1267 rent
589 1225 784 1280 quidem,
824 1225 986 1268 nedum
1026 1225 1290 1268 fastidirent.
1353 1223 1632 1282 Madvigium
1665 1230 1814 1267 autem
1849 1224 2135 1282 intelligimus
2166 1225 2349 1269 nimium
2378 1225 2516 1271 fuisse
2547 1226 2595 1270 iu

461 1317 515 1343 eo
548 1300 668 1356 quod
700 1302 1001 1356 perversitatis
1033 1301 1306 1344 insimularet
1343 1300 1556 1342 orationis
1595 1301 1783 1341 formam
1819 1315 1932 1357 quae
1972 1315 2054 1343 nec
2091 1300 2263 1344 ratione
2303 1307 2475 1346 careret
2512 1316 2596 1347 neo

460 1376 690 1432 exemplis,
722 1377 796 1432 qui
830 1392 930 1418 cum
953 1376 1184 1419 damnaret
1211 1391 1324 1432 quae
1356 1382 1475 1417 recte
1508 1376 1676 1433 scripta
1704 1382 1867 1430 essent,
1900 1391 1980 1419 sua
2006 1376 2269 1419 auctoritate
2301 1376 2413 1420 alios
2444 1377 2491 1420 in
2525 1392 2594 1421 er-

460 1468 605 1495 rorem
637 1452 784 1494 traxit.

667 1541 715 1571 11.
781 1528 971 1573 Utemur
998 1528 1137 1571 altero
1161 1527 1379 1583 exemp10,
1411 1543 1498 1582 quo
1521 1526 1770 1571 declaretur
1791 1545 1879 1570 non
1901 1528 2008 1570 satis
2030 1535 2127 1570 tuto
2151 1528 2207 1570 de
2228 1544 2318 1570 uno
2340 1529 2438 1570 loco
2462 1531 2596 1571 omis-

460 1602 522 1646 sis
545 1602 761 1647 similibus
785 1601 981 1647 iudicari.
1020 1602 1158 1646 Libro
1183 1603 1256 1656 42,
1275 1603 1347 1656 63,
1367 1605 1392 1645 5
1416 1603 1459 1644 in
1482 1604 1811 1660 oppugnatione
1833 1603 2022 1645 Haliarti
2044 1604 2153 1646 haec
2175 1604 2341 1661 scripta
2362 1610 2479 1647 sunt.

743 1680 848 1723 Cum
876 1678 1070 1735 operibus
1104 1680 1253 1721 lent-ior
1279 1681 1543 1736 oppuqnatio
1571 1688 1692 1732 esset,
1724 1680 1864 1721 scalas
1889 1694 1971 1736 per
1991 1681 2231 1737 manipulos
2259 1681 2398 1721 dividi
2419 1689 2599 1738 praetor

740 1753 1019 1809 (Lucretius)
1049 1755 1188 1806 iussit,
1222 1760 1272 1796 ut
1299 1769 1454 1796 corona
1481 1756 1671 1811 undique
1691 1757 1855 1796 moenia
1877 1756 2174 1810 adqreeeurue,
2207 1770 2252 1797 eo
2283 1756 2420 1811 Μαρία
2450 1755 2598 1811 suffec-

738 1837 882 1872 turam
909 1830 970 1872 ad
1000 1830 1048 1872 id
1074 1830 1391 1873 multitudinem
1420 1838 1557 1883 ratus,
1590 1830 1718 1887 quod,
1751 1844 1836 1886 qua
1864 1838 1995 1887 parte
2018 1831 2152 1886 palus
2179 1831 2324 1873 urbem
2350 1832 2494 1886 cinqit,
2527 1847 2599 1874 nec

735 1905 942 1946 attinebat
972 1906 1219 1963 oppuqnari
1249 1919 1322 1948 uec
1347 1913 1530 1964 poterat.

458 1982 512 2023 In
546 1981 614 2023 his
647 1980 904 2037 Madvigius
937 1986 1119 2023 auctore
1153 1981 1525 2024 Drakenborchio
1559 1989 1607 2023 ut
1637 1980 1898 2038 particulam
1930 1979 2118 2032 delevit,
2154 1979 2288 2037 idque
2320 1986 2500 2025 secutus
2531 1987 2601 2025 est

465 2057 586 2100 nulla
618 2072 664 2098 re
698 2056 909 2099 adnotata
942 2056 1350 2100 Weissenbornius.
1414 2057 1641 2100 Hartelius
1681 2063 1726 2099 et
1762 2057 1857 2114 ipse
1889 2064 1937 2099 ut
1966 2072 2152 2114 pravum
2189 2072 2287 2100 esse
2324 2057 2411 2102 illis
2444 2057 2603 2102 adsen-

466 2134 597 2186 tiens,
630 2133 733 2188 quia
766 2132 882 2175 unde
915 2139 1068 2175 natum
1102 2141 1219 2176 esset
1250 2149 1340 2176 non
1372 2133 1706 2190 intelligeretur,
1737 2148 1828 2175 non
1850 2132 2084 2176 delendam
2113 2132 2194 2176 sed
2216 2132 2474 2177 mutandam
2503 2149 2601 2178 esse

467 2209 728 2266 particulam
762 2215 896 2261 ratus,
930 2218 970 2251 et
999 2209 1152 2265 reponi
1186 2209 1329 2264 iussit,
1362 2209 1481 2266 quod
1509 2211 1636 2251 etiam
1663 2224 1761 2252 esse
1789 2209 1940 2252 voluit.
1995 2208 2088 2253 Sed
2116 2209 2335 2266 praetoris
2360 2224 2484 2253 mens
2512 2225 2601 2253 non

467 2301 520 2328 ea
552 2285 651 2338 fuit,
683 2290 732 2326 ut
762 2300 969 2327 coronam
1002 2283 1166 2327 addere
1199 2285 1256 2327 ad
1288 2300 1423 2341 opera
1454 2285 1601 2327 vellet.
1661 2283 1777 2327 Sunt
1809 2284 1924 2326 enim
1955 2285 2001 2326 in
2032 2284 2339 2341 oppugnandis
2372 2285 2602 2330 moenibus

467 2360 557 2403 duo
581 2359 868 2418 aggrediendi
891 2376 1067 2417 genera,
1100 2376 1289 2416 quorum
1312 2361 1498 2404 alterum
1521 2361 1730 2417 operibus
1751 2367 1795 2402 et
1815 2359 2233 2413 machinationibus,
2264 2352 2448 2404 alterum
2472 2362 2603 2405 scalis

467 2444 512 2479 et
546 2450 712 2479 corona
745 2436 1007 2478 continetur.
1064 2434 1191 2489 Quae
1225 2451 1491 2492 quamquam
1520 2436 1653 2478 etiam
1681 2435 1920 2478 coniuncta
1948 2435 2147 2478 adhiberi
2174 2441 2380 2493 poterant
2410 2437 2506 2493 (37,
2529 2438 2603 2492 32,

472 2512 638 2568 1—5),
670 2517 820 2554 tamen
851 2510 1109 2568 plerumque
1141 2511 1257 2554 inter
1291 2527 1337 2554 se
1372 2511 1543 2567 seiungi
1573 2518 1617 2552 et
1649 2510 1839 2554 discerni
1871 2511 2014 2554 solent
2046 2511 2140 2567 (37,
2164 2512 2238 2565 32,
2265 2514 2307 2564 1;
2342 2514 2414 2565 26,
2436 2514 2510 2566 45,
2534 2514 2603 2570 5);

468 2593 514 2631 et
546 2602 664 2631 nunc
692 2585 872 2644 quidem
901 2585 990 2629 dux
1018 2586 1074 2631 ob
1107 2603 1202 2630 eam
1235 2603 1429 2641 causam,
1463 2587 1568 2644 quia
1599 2586 1806 2644 operibus
1839 2588 2112 2645 oppugnatio
2143 2587 2305 2631 lentior
2335 2593 2443 2642 erat,
2474 2589 2604 2632 relic-

466 2665 525 2708 tis
557 2663 768 2721 operibus
802 2679 827 2705 a
859 2662 1075 2706 scalarum
1109 2671 1152 2706 et
1183 2679 1372 2706 coronae
1405 2679 1488 2707 usu
1521 2663 1772 2706 celeriorem
1805 2678 2059 2706 successum
2091 2663 2390 2721 exspectabat.
2443 2664 2604 2721 Itaque

466 2749 507 2783 et
535 2740 639 2783 ferri
672 2732 774 2783 non*
795 2744 965 2796 potest;
998 2746 1046 2780 ut
1071 2744 1216 2781 autem
1240 2739 1634 2782 Drakenborchius
1661 2745 1840 2796 putarat
1867 2755 1921 2782 ex
1951 2738 2258 2796 praecedentis
2280 2739 2404 2782 verbi
2438 2742 2602 2798 (iussit)

469 2816 589 2859 exitu
611 2821 756 2858 ortum
780 2830 892 2868 esse,
925 2813 1128 2870 exemplo
1150 2830 1257 2857 usus
1281 2816 1354 2867 45,
1377 2815 1449 2868 20,
1473 2816 1499 2857 3
1532 2816 1713 2857 excessit.
1770 2814 1868 2872 [Ut]
1902 2829 2003 2857 raro
2030 2815 2144 2856 alias
2169 2816 2401 2872 quiequam
2426 2830 2502 2858 rex
2527 2823 2608 2858 aut

460 2893 679 2949 privatus,
713 2898 828 2933 tanto
849 2888 1006 2944 favore
1040 2898 1236 2947 tantoque
1267 2891 1454 2932 omnium
1481 2906 1655 2933 assensu
1685 2899 1747 2933 eet
1776 2891 1965 2933 auditus.
2022 2887 2167 2943 Quem
2199 2889 2345 2933 locum
2379 2906 2510 2948 aegre
2542 2891 2606 2934 fe-

468 2967 604 3009 rimus
638 2967 692 3009 ab
725 2966 926 3009 Hartelio
958 2965 1318 3023 praetermissum
1351 2980 1469 3018 esse3
1508 2981 1609 3008 nam
1642 2981 1723 3009 nos
1756 2965 1935 3024 quidem
1963 2964 2093 3009 valde
2131 2965 2393 3024 ambigimus
2426 2966 2481 3010 de
2519 2966 2607 3010 ista

467 3043 686 3100 particula
717 3043 912 3085 omnium
952 3057 1175 3085 consensu
1213 3043 1464 3098 proscripta
1504 3041 1611 3097 quid
1650 3041 1933 3085 iudicandum
1974 3042 2046 3085 sit.
2111 3040 2202 3086 Sed
2235 3042 2414 3099 gravius
2454 3047 2522 3086 est
2561 3035 2606 3086 et

466 3135 569 3162 cum
602 3119 686 3162 hac
720 3134 856 3162 causa
889 3134 1020 3174 quam
1054 3118 1227 3176 agimus
1261 3117 1558 3171 coniunctum,
1590 3117 1712 3173 quod
1743 3118 1907 3174 legitur
1940 3117 2012 3171 35,
2036 3119 2108 3170 50,
2134 3120 2202 3159 11.

744 3193 932 3237 Romani
961 3194 1136 3248 milites,
1174 3194 1396 3250 quinqenti
1414 3190 1553 3246 ferme
1591 3202 1631 3236 et
1659 3195 1765 3251 ipsi,
1809 3209 1906 3236 cum
1940 3194 2030 3236 iam
2062 3194 2293 3252 Menippus
2329 3202 2472 3237 caetra
2508 3201 2607 3237 anoe

746 3270 963 3329 Salqanea
1006 3272 1066 3314 ad
1095 3270 1376 3324 Hermaeum,
1417 3284 1506 3325 qua
1547 3271 1751 3313 transitus
1789 3285 1840 3312 ex
1870 3270 2045 3312 Boeotia
2084 3271 2133 3312 in
2163 3269 2383 3313 Euboeam
2418 3271 2609 3313 insulam
