2920 3859
1461 189 1522 236 18

419 341 651 372 commune
673 326 856 369 verbum
888 325 1019 369 trium
1053 330 1141 379 est3
1181 325 1252 379 30,
1277 325 1352 380 38,
1376 326 1396 368 1
1434 340 1544 384 quae
1570 325 1746 384 publica
1772 327 1822 369 in
1852 326 2035 370 nam'bue
2061 325 2262 383 fuerant,
2297 341 2350 372 ex
2375 327 2562 387 publico

418 404 633 461 deem'pta
666 401 905 444 rationibus
937 408 1191 460 quaestores,
1223 416 1333 459 quae
1346 403 1539 460 privata,
1564 400 1761 458 profiteri
1790 402 1956 445 domini
1973 403 2105 454 iussu}-
2137 402 2225 446 alia
2245 402 2396 447 multa.
2447 402 2559 460 Qui·

420 478 501 522 bus
534 476 747 534 exemplis
778 476 906 520 facile
940 476 1193 534 percipitur,
1228 476 1334 534 quid
1367 476 1557 534 scriptor
1588 477 1801 534 consequi
1831 477 1917 521 ista
1947 476 2241 522 collocatione
2268 484 2345 523 aut
2365 479 2436 524 cui
2457 479 2559 524 voci

415 553 506 596 vim
539 551 702 595 addere
735 551 937 594 voluerit.
1002 552 1072 595 Ita
1102 552 1331 595 victoribus
1363 551 1484 609 quod
1515 566 1605 595 non
1635 550 1792 595 ultima
1822 550 1904 596 sed
1933 567 2077 610 paene
2107 551 2263 596 ultima
2293 569 2382 599 vox
2414 558 2482 599 est
2510 553 2557 599 in

415 628 502 670 ista
533 627 768 681 sententia,
802 626 974 669 acuitur
1005 626 1050 669 id
1084 626 1207 683 quod
1239 627 1556 670 contrariorum
1586 627 1698 669 ratio
1731 627 1831 670 acui
1861 627 2056 682 iubebat,
2085 629 2215 671 mari.

622 715 683 744 v1.
748 701 887 745 Aliud
910 717 1053 760 genus
1076 703 1256 745 criticae
1285 702 1605 746 observationis
1632 701 1921 760 suppeditant
1941 717 2057 759 quae
2080 703 2154 758 29,
2180 705 2252 758 14,
2275 704 2302 747 8
2332 703 2555 762 leguntur.

692 778 749 820 P.
774 777 1032 836 Scipionem,
1068 777 1145 822 Cn.
1157 777 1322 832 fllium,
1353 780 1444 822 eius
1463 779 1543 837 qui
1560 780 1609 821 in
1633 777 1850 836 Hispania
1871 779 2094 833 ceciderat,
2125 778 2428 823 adolescentem
2447 795 2556 823 non·-

693 854 797 896 dum
829 856 1137 912 quaestorium,
1168 855 1469 898 iudicaverunt
1497 857 1546 897 in
1579 862 1663 898 tota
1694 855 1862 898 civitate
1891 856 2031 898 virum
2061 856 2267 913 optimum
2297 850 2394 899 esse.

413 928 489 972 Sic
526 929 638 972 haec
671 929 965 987 vulgabantur
1003 945 1145 987 usque
1184 929 1241 972 ad
1271 928 1309 971 Ι.
1333 929 1408 972 Fr.
1433 929 1730 984 Gronovium,
1769 930 1844 987 qui
1881 930 1986 988 quia
2015 930 2062 973 in
2093 929 2246 974 codice
2276 930 2477 974 Puteano
2510 936 2556 974 et

413 1004 678 1062 quibusdam
712 1005 810 1048 aliis
843 1005 1056 1063 scriptum
1089 1005 1332 1050 offenderat
1362 1008 1505 1050 virum
1536 1007 1691 1050 bonum
1719 1007 1938 1063 optimum,
1969 1005 2148 1049 Livium
2180 1007 2320 1049 virum
2349 1006 2556 1050 bonorum

413 1081 621 1138 optimum
665 1080 896 1138 scripsisse
936 1082 1145 1137 coniecit,
1188 1097 1372 1140 eamque
1412 1083 1697 1142 scripturam,
1733 1081 1950 1125 firmatam
1990 1082 2169 1140 insuper
2206 1081 2405 1141 exemplo
2436 1081 2554 1126 tituli

413 1156 648 1211 notissimi,
682 1157 758 1213 qui
789 1156 899 1200 haec
931 1157 1068 1201 verba
1099 1157 1251 1213 habet,
1284 1160 1474 1203 duonoro
1505 1167 1673 1218 optumo
1694 1155 1811 1212 fuiee
1840 1159 1948 1212 viro,
1978 1158 2183 1202 omnibus
2217 1157 2427 1216 deinceps
2459 1157 2555 1202 edi-

410 1232 584 1276 toribus
615 1232 836 1290 probavit.
889 1232 1050 1291 Neque
1084 1233 1374 1292 vituperanda
1405 1241 1474 1278 est
1507 1235 1661 1288 oratio,
1694 1248 1825 1290 quam
1846 1232 1977 1277 Livio
2009 1233 2270 1290 vindicavit,
2301 1233 2382 1278 sed
2401 1239 2553 1278 tamen

412 1309 676 1366 interpretes
710 1309 830 1367 quod
860 1316 949 1353 tam
981 1309 1170 1352 fidenter
1202 1325 1298 1353 eam
1331 1315 1648 1368 propagarunt,
1679 1324 1748 1353 res
1770 1308 1880 1352 duas
1901 1307 2109 1353 videntur
2137 1309 2406 1368 neglexisse,
2438 1324 2554 1368 quae

412 1383 602 1426 maxime
634 1384 931 1429 attendendae
964 1391 1100 1428 erant.
1167 1383 1366 1440 Quarum
1399 1386 1542 1443 prima
1574 1391 1657 1440 est,
1689 1383 1809 1442 quod
1840 1399 1929 1428 non
1961 1385 2098 1428 semel
2130 1383 2211 1428 sed
2242 1385 2420 1444 saepius
2453 1400 2552 1429 eam

413 1475 505 1502 rem
536 1462 707 1504 rettulit
738 1462 907 1504 Livius.

689 1538 761 1591 29,
789 1540 859 1592 11,
882 1539 907 1580 6
942 1554 1035 1580 eum
1067 1537 1249 1580 Romam
1285 1538 1720 1591 deam-devexissent,
1761 1545 1849 1579 tum
1881 1544 2107 1591 curarent,
2148 1545 2197 1579 ut
2226 1552 2341 1592 eam,
2377 1539 2457 1595 qui
2484 1539 2556 1580 vir

824 1614 1010 1670 optimus
1040 1612 1200 1656 Romae
1229 1621 1346 1668 esset,
1378 1614 1558 1671 hospitio
1590 1614 1812 1670 exciperet,-

690 1688 761 1742 29,
790 1691 858 1742 11,
881 1690 907 1732 8
940 1690 1065 1731 deam
1106 1690 1352 1746 apportari;
1395 1689 1690 1746 quaerendum
1731 1690 1871 1731 virum
1910 1690 2116 1745 opti-mum
2156 1690 2205 1731 in
2245 1691 2413 1733 civitate
2450 1705 2551 1744 esse,

822 1766 901 1821 qui
928 1780 1023 1807 eam
1054 1767 1133 1806 rite
1164 1765 1340 1821 hospitio
1371 1766 1599 1821 acciperet,-

689 1841 760 1894 29,
788 1842 858 1894 14,
881 1841 907 1883 6
941 1841 1058 1883 haud
1089 1855 1252 1898 parvae
1287 1842 1352 1882 rei
1387 1842 1598 1883 iudicium
1635 1848 1827 1883 senatum
1866 1839 2047 1894 tenebat,
2085 1841 2164 1899 qui
2190 1842 2259 1883 vir
2288 1842 2473 1899 optimus
2501 1843 2549 1884 in

821 1918 989 1958 civitate
1019 1925 1141 1968 esset,-

686 1992 758 2046 29,
784 1994 855 2046 14,
877 1994 920 2047 8,
952 2008 1066 2049 quae
1100 1993 1248 2047 verba,
1281 1992 1336 2035 de
1369 1992 1528 2049 quibus
1562 1992 1751 2049 agimus,
1783 2007 1917 2049 supra
1948 1991 2116 2049 scripta
2146 1997 2272 2045 sunt;

686 2068 759 2121 35,
784 2070 856 2122 10,
880 2070 906 2111 9
938 2084 1063 2126 quem
1096 2070 1314 2125 (ducebat)
1354 2076 1523 2110 tantum
1553 2068 1874 2124 praeiudicium
1910 2075 2105 2121 senatue,
2143 2069 2285 2110 virum
2323 2082 2345 2109 e
2378 2070 2548 2112 civitate

822 2146 1029 2201 optimum
1059 2145 1316 2196 iudicatum,-

687 2219 760 2272 36,
783 2220 856 2272 40,
879 2220 905 2262 8
938 2219 1023 2262 sibi
1047 2220 1212 2277 ,αῖον-ἁτε
1241 2220 1316 2262 illo
1339 2220 1414 2275 die
1445 2220 1551 2261 satie
1581 2219 1822 2276 quaeaeicum
1852 2232 1951 2271 esse,
1981 2233 2064 2275 quo
2095 2233 2139 2261 ee
2169 2220 2308 2261 virum
2338 2221 2546 2277 optimum

822 2295 1061 2337 iudicatum
1093 2295 1154 2337 ad
1183 2295 1478 2352 accipiendam
1508 2302 1688 2336 matrem
1718 2292 1900 2335 Idaeam
1930 2294 2110 2336 mieieset
2137 2302 2325 2337 senatus.

406 2368 586 2412 Livium
626 2369 763 2423 enim,
802 2385 932 2426 quem
975 2370 1207 2426 quinquies
1239 2371 1381 2412 virum
1411 2371 1616 2427 optimum
1647 2367 1907 2426 appellavit,
1950 2367 2139 2412 eundem
2171 2369 2307 2414 semel
2336 2370 2542 2415 maluisse

404 2445 546 2486 virum
578 2444 782 2487 bonorum
813 2447 1019 2502 optimum
1051 2444 1213 2498 dicere,
1245 2445 1328 2487 nisi
1363 2444 1608 2487 certissima
1638 2442 1726 2486 fide
1758 2443 1936 2486 testium
1969 2450 2174 2500 cogente,
2205 2443 2325 2488 credi
2351 2460 2440 2488 non
2460 2461 2542 2504 po-

404 2526 507 2564 test.
569 2519 640 2564 De
677 2520 864 2565 testibus
905 2526 1077 2576 autem,
1116 2520 1248 2578 idque
1286 2520 1594 2575 alterumest,
1634 2518 1756 2576 quod
1787 2519 1833 2563 in
1864 2518 1948 2564 hac
1979 2515 2115 2564 causa
2145 2518 2436 2578 disceptanda
2466 2538 2543 2566 ne-

406 2596 517 2654 gligi
548 2612 637 2640 non
670 2595 875 2652 debebat,
908 2597 1182 2656 exploratum
1215 2603 1284 2641 est
1315 2596 1464 2652 hodie,
1496 2595 1617 2653 quod
1639 2594 1894 2640 Gronovius
1927 2611 2007 2640 sua
2036 2602 2183 2641 aetate
2204 2597 2318 2641 scire
2339 2612 2428 2641 non
2460 2614 2542 2656 po·-

403 2673 510 2726 tuit,
549 2673 595 2715 in
636 2671 720 2715 hac
758 2679 882 2730 parte
921 2674 1066 2731 operis
1104 2673 1284 2717 Liviani
1322 2672 1487 2730 duplex
1528 2687 1626 2716 esse
1666 2686 1807 2730 genus
1847 2670 2075 2726 librorum,
2116 2687 2304 2729 quorum
2336 2679 2541 2718 neutrum

405 2748 528 2792 alteri
559 2749 604 2792 in
638 2749 842 2793 omnibus
873 2756 1085 2808 praestet,
1118 2747 1198 2794 sed
1231 2748 1352 2806 quod
1383 2756 1618 2805 utrumque
1649 2763 1730 2806 par
1760 2747 1820 2792 sit
1850 2746 2004 2792 sedulo
2036 2748 2230 2804 consuli,
2260 2741 2310 2792 ut
2342 2749 2418 2794 ubi
2449 2749 2542 2795 dis-

403 2824 600 2868 sentiant
634 2825 746 2868 ratio
787 2824 1021 2880 diiudicet,
1061 2832 1162 2868 utra
1200 2840 1302 2882 pars
1341 2840 1492 2868 verum
1528 2823 1751 2882 praebeat.
1821 2822 1894 2866 Ita
1931 2823 2097 2867 factum
2137 2830 2230 2880 est,
2270 2831 2321 2869 ut
2349 2826 2540 2870 Puteani

402 2899 516 2954 fide,
549 2900 625 2957 qui
657 2899 733 2943 diu
766 2901 888 2945 solus
920 2901 1138 2958 regnavit,
1170 2900 1355 2944 alterum
1387 2916 1530 2959 genus
1562 2899 1767 2953 testium,
1799 2897 1921 2955 quod
1952 2898 2074 2943 libris
2108 2899 2406 2958 compluribus
2438 2916 2539 2946 cum

401 2975 607 3034 Spirensi
639 2975 863 3034 deperdito
895 2976 1086 3034 quadam
1118 2976 1383 3035 cognatione
1415 2975 1662 3021 coniunctis
1694 2975 1962 3030 continetur,
1993 2991 2128 3034 saepe
2160 2976 2363 3034 superius
2394 2977 2540 3037 visum

401 3053 473 3097 sit.
532 3050 678 3107 Quam
700 3052 757 3097 ob
779 3070 870 3096 rem
898 3070 998 3096 cum
1029 3069 1144 3097 unus
1166 3053 1393 3098 Puteanus
1426 3052 1571 3098 codex
1603 3051 1822 3106 exhibeat,
1854 3051 1974 3108 quod
1994 3049 2226 3097 Gronovio
2254 3053 2552 3117 occasionem

400 3127 682 3173 coniecturae
715 3126 852 3182 dedit,
882 3130 1023 3172 virum
1055 3128 1210 3173 bonum
1241 3129 1461 3187 optimum,
1493 3127 1631 3172 ceteri
1660 3132 1821 3182 testes,
1851 3126 1928 3185 qui
1959 3143 1986 3172 a
2016 3124 2218 3186 Spirensi
2247 3126 2460 3186 pendent,
2491 3129 2538 3173 in

401 3220 454 3248 eo
494 3204 773 3262 conspirent,
813 3203 935 3261 quod
967 3210 1069 3248 ante
1103 3202 1376 3249 Gronovium
1409 3204 1696 3262 vulgabatur,
1734 3205 1875 3248 virum
1904 3205 2136 3263 optimum,
2176 3219 2254 3248 cur
2284 3203 2541 3250 dubitamus

397 3280 508 3337 hoc,
545 3279 666 3339 quod
697 3279 877 3324 Livium
908 3296 1058 3326 secum
1093 3281 1440 3326 consentientem
1474 3279 1638 3336 reddit,
1669 3279 1733 3324 illi
1763 3280 1994 3338 praeferre,
2026 3280 2146 3338 quod
2176 3281 2322 3338 ipsum
2352 3296 2540 3338 pravum
