2920 3859
1384 185 1443 234 19

343 325 417 367 est
446 324 493 364 et
523 318 806 364 emendatore
836 319 1026 379 indiget,
1063 334 1164 366 cum
1194 321 1452 381 praesertim
1484 321 1571 365 hoc
1603 335 1692 380 qua
1721 321 1891 381 origine
1923 327 2075 366 natum
2109 322 2168 366 sit
2198 321 2476 365 manifestum

343 395 559 441 videatur.
620 394 800 439 Etenim
829 395 1049 452 librarius,
1079 411 1181 441 cum
1210 399 1353 441 virum
1382 398 1587 456 optimum
1619 397 1812 441 scribere
1844 396 2048 453 deberet,
2086 398 2142 442 ab
2175 413 2322 441 errore
2354 412 2476 440 men·

342 472 426 528 tis,
464 470 703 516 inducente
734 471 975 527 sententia,
1013 472 1188 531 posuit,
1219 472 1341 531 quod
1371 468 1553 531 vulgare
1586 478 1656 517 est
1688 474 1749 530 (v.
1775 487 1813 516 c.
1847 472 1968 531 apud
1998 473 2174 517 Livium
2206 473 2369 531 legitur
2400 473 2474 527 22,

342 548 418 603 39,
439 547 507 605 3),
536 547 679 591 virum
709 546 878 601 bonum,
909 546 988 591 sed
1017 547 1081 590 ita
1101 553 1152 592 ut
1182 547 1365 592 adderet
1394 548 1451 592 ab
1483 548 1721 606 exemplari
1750 549 1988 606 repetitum
2018 550 2237 608 optimum.
2290 549 2365 591 An
2396 547 2475 590 ali-

340 629 411 668 ter
439 622 487 666 in
519 620 676 665 eodem
706 621 861 665 codice
893 627 1037 665 ortum
1067 628 1276 679 putamus
1306 629 1384 667 aut
1413 637 1528 666 anno
1551 624 1625 678 27,
1647 624 1721 679 29,
1746 624 1801 666 10
1832 625 1936 681 quia
1965 625 2106 667 Aetoli
2133 637 2342 666 summum
2368 638 2473 680 yen-

344 701 399 743 tie
429 713 534 742 suae
561 699 863 756 magistratum
893 698 955 740 ad
979 712 1074 741 eum
1095 700 1294 756 pro-rimo
1328 699 1482 758 [anno]
1515 699 1690 743 coneilio
1722 700 1977 754 detulerant,
2007 699 2084 743 ubi
2105 714 2159 742 ex
2189 713 2321 753 anno,
2352 698 2475 755 quod

339 773 531 829 Puteani
562 772 729 818 codicis
759 773 986 832 proprium
1019 778 1108 829 est,
1144 773 1255 818 nihil
1284 773 1565 818 efficiendum
1597 780 1713 828 erat;
1750 782 1827 818 aut
1856 776 1979 818 modo
2012 775 2084 830 28,
2105 776 2180 830 40,
2203 775 2228 817 5
2260 775 2472 817 consulem

331 864 515 910 peccare
544 848 747 904 arbitror,
776 851 854 908 qui
882 850 935 893 de
953 864 1000 893 re
1033 856 1250 894 transacta
1282 851 1524 894 simulando
1544 865 1588 894 ee
1616 849 1773 906 referre
1803 858 1996 894 senatum
2016 850 2197 894 ludibrio
2218 850 2353 905 habet,
2384 866 2471 893 non

338 933 575 972 senatorem
607 925 783 984 [mod0]‚
814 926 904 984 qui,
935 926 988 968 de
1007 939 1091 984 quo
1119 927 1368 982 consulitwr,
1399 941 1473 980 suo
1505 927 1592 970 loco
1614 927 1720 970 dicit
1749 928 2019 977 sententiam;
2054 925 2280 982 multaque
2311 926 2470 969 similia.

338 1002 578 1060 Augustus
607 1000 836 1045 Luchsius
873 1001 1102 1059 congessit
1138 1001 1186 1045 in
1216 1001 1335 1045 Livii
1367 1002 1436 1045 sui
1466 1002 1720 1061 Prolegom.
1752 1018 1796 1060 p.
1820 1015 1929 1045 va.
1996 999 2086 1057 Qui
2119 1001 2190 1056 28,
2213 1002 2286 1056 22,
2310 1002 2365 1044 12
2397 1016 2470 1044 ne-

337 1092 419 1138 que
443 1084 539 1121 erat
570 1076 664 1120 ulla
692 1077 797 1120 eatis
820 1075 957 1132 firma
984 1078 1111 1121 etacio
1137 1078 1352 1137 opposita,
1391 1079 1494 1137 quia
1530 1078 1643 1121 nihil
1668 1079 1835 1134 minus,
1865 1093 1996 1137 quam
2028 1092 2082 1120 ne
2114 1077 2257 1136 eyredi
2291 1077 2465 1136 [posset]

337 1153 554 1199 moenibus
596 1153 824 1208 auderent,
866 1154 1006 1197 timen'
1036 1160 1209 1212 poterat
1246 1158 1364 1197 recte
1407 1153 1586 1211 quidem
1623 1161 1790 1212 posset,
1832 1153 1955 1211 quod
1997 1153 2133 1197 habet
2169 1152 2288 1197 solus
2327 1153 2468 1197 codex

336 1230 564 1275 Puteanus
606 1227 815 1286 quodque
855 1227 1057 1272 nonnulli
1093 1228 1313 1288 corrigere
1349 1234 1643 1288 temptarunt,
1683 1228 2002 1274 secludendum
2041 1229 2191 1288 potius
2233 1243 2328 1273 esse
2365 1244 2467 1273 cen-

337 1306 443 1361 suit,
474 1304 554 1350 sed
585 1303 816 1359 rationem,
849 1319 937 1361 qua
966 1309 1243 1362 procreatum
1275 1304 1477 1363 putabat,
1508 1305 1619 1349 satis
1651 1305 1937 1349 artificiosam
1969 1305 2098 1348 nobis
2130 1319 2219 1347 non
2248 1304 2466 1362 probavit,

336 1382 414 1440 qui
445 1379 690 1440 simplicem
721 1393 913 1423 errorem
945 1379 1253 1439 agnoscimus,
1288 1379 1476 1423 eundem
1504 1395 1638 1438 quem
1669 1395 1826 1439 supra,
1868 1380 2015 1423 fallaci
2047 1379 2194 1438 specie
2227 1380 2467 1423 sententiae

254 1476 279 1490 -·
338 1458 485 1502 animo
516 1455 745 1513 oculisque
776 1456 1012 1499 scribentis
1044 1455 1208 1499 oblata.
1261 1455 1421 1513 Neque
1453 1472 1582 1500 secus
1603 1457 1760 1500 vitium
1794 1456 2105 1514 explicandum
2126 1456 2315 1510 videtur,
2348 1456 2468 1513 quod

335 1539 406 1578 est
435 1533 483 1576 in
520 1530 673 1576 codice
704 1530 1041 1575 Vindobonensi
1073 1533 1148 1586 44,
1171 1532 1244 1586 22,
1265 1533 1294 1574 4
1325 1533 1440 1575 illud
1476 1531 1698 1587 affirmare
1721 1548 1805 1591 pro
1836 1541 1947 1575 certo
1982 1532 2146 1590 [habeo]
2178 1532 2338 1584 audeo‚·
2377 1547 2466 1574 non

334 1610 452 1654 enim
492 1608 737 1666 scripturae
775 1607 981 1661 artificio,
1021 1606 1152 1663 quale
1183 1605 1410 1651 Hartelius
1447 1607 1740 1666 excogitavit,
1781 1624 1836 1651 ex
1867 1609 2004 1651 audeo
2043 1614 2196 1651 natum
2228 1613 2295 1651 est
2323 1607 2467 1662 liabeo,

334 1683 416 1728 sed
447 1682 674 1741 cogitandi
707 1698 857 1726 errore
888 1683 1108 1737 librarius,
1141 1682 1246 1740 quia
1268 1698 1352 1741 pro
1383 1692 1492 1727 certo
1524 1684 1652 1727 habeo
1685 1682 1897 1728 consueta
1917 1689 1987 1727 est
2018 1683 2193 1727 dicendi
2225 1683 2338 1726 ratio
2371 1685 2467 1740 (ve-

332 1760 401 1803 lut
421 1759 579 1803 Livius
612 1758 765 1801 scribit
796 1759 869 1813 23,
894 1760 964 1812 17,
991 1759 1046 1801 10
1074 1759 1180 1801 satis
1203 1773 1287 1816 pro
1317 1766 1427 1802 certo
1457 1759 1660 1812 habuere3
1699 1761 1772 1814 29,
1795 1760 1869 1814 21,
1895 1761 1950 1803 10
1975 1775 2057 1818 pro
2079 1768 2186 1803 certo
2207 1774 2248 1802 ae
2278 1759 2465 1816 habere),

332 1836 422 1879 hoc
452 1836 636 1880 verbum
667 1834 905 1893 applicavit
937 1833 994 1877 ad
1024 1833 1101 1877 illa
1133 1849 1246 1892 quae
1278 1840 1383 1879 sunt
1404 1850 1489 1893 pro
1521 1843 1653 1891 certo,
1693 1835 1854 1879 deinde
1888 1837 1942 1880 ab
1976 1835 2213 1894 exemplari
2247 1851 2327 1879 suo
2359 1851 2464 1894 sug-

334 1917 527 1971 gestum,
559 1910 678 1968 quod
709 1926 862 1953 verum
893 1920 987 1953 erat
1019 1917 1064 1953 et
1094 1911 1409 1966 necessarium,
1441 1911 1614 1954 addidit
1643 1913 1793 1954 audeo.

538 1999 620 2029 vn.
682 1986 736 2029 In
776 1992 972 2030 extremo
1010 1986 1156 2044 capite
1194 2002 1284 2030 non
1316 1987 1411 2030 sine
1441 1986 1734 2031 haesitatione
1772 2002 1982 2030 conamur
2017 1987 2162 2030 locum
2199 1987 2461 2044 explicando

328 2063 482 2117 tutari,
513 2063 588 2118 qui
620 2062 842 2119 plerisque
863 2062 1026 2105 vitioso
1059 2061 1362 2106 additamento
1394 2068 1473 2106 aut
1493 2063 1591 2106 aliis
1617 2064 1760 2107 turbis
1792 2063 2062 2121 deformatus
2084 2061 2272 2105 videtur.
2319 2062 2459 2106 Libro

332 2139 406 2194 29,
428 2139 502 2192 27,
525 2139 552 2181 2
585 2153 685 2180 cum
717 2137 762 2180 in
794 2153 847 2180 eo
880 2143 948 2180 est
977 2143 1029 2179 ut
1059 2137 1103 2180 in
1134 2137 1329 2181 Africam
1363 2137 1508 2182 classe
1540 2139 1732 2182 traiiciat
1763 2138 1915 2195 Scipio
1948 2138 2012 2180 ita
2041 2145 2259 2195 precatur.

604 2213 710 2256 Dim·
738 2213 956 2270 divaeque,
987 2214 1066 2269 qui
1084 2213 1225 2255 maria
1260 2220 1478 2270 terrasque
1498 2214 1650 2268 colitis,
1680 2229 1752 2257 vos
1775 2228 1931 2271 precor
1960 2227 2212 2270 quaesoque,
2243 2214 2322 2267 uti,
2348 2228 2461 2270 quae

603 2289 651 2331 in
683 2303 770 2331 meo
809 2289 984 2346 imperio
1017 2295 1134 2345 qesta
1177 2295 1281 2330 sunt
1313 2296 1530 2345 yeruntur
1560 2298 1742 2348 postque
1777 2296 2002 2348 qerentur,
2048 2302 2098 2330 ea
2136 2288 2261 2342 milui,
2293 2289 2458 2345 populo

599 2363 798 2422 plebique
834 2363 1074 2418 Romanae,
1113 2364 1237 2406 sociis
1275 2365 1522 2422 nominique
1552 2364 1733 2419 Latino,
1775 2366 1853 2423 qui
1882 2365 2042 2423 populi
2078 2364 2266 2407 Romani
2300 2365 2459 2422 quique

603 2454 739 2482 meam
780 2447 957 2493 sectam,
994 2439 1219 2496 imperium
1258 2440 1581 2496 auspiciumque
1615 2448 1725 2483 terra
1763 2441 1878 2482 mari
1916 2424 2204 2494 amnibusque
2243 2446 2458 2493 secuntur,

604 2515 702 2560 bene
731 2522 997 2570 verruncent,
1028 2530 1158 2574 eaque
1177 2530 1247 2558 vos
1268 2515 1412 2559 omnia
1436 2514 1533 2560 bene
1554 2517 1721 2571 iuvetis,
1752 2515 1868 2559 bonis
1898 2515 2093 2560 auctibus
2124 2516 2286 2559 aua-itis
2305 2541 2357 2549 —
2383 2541 2456 2559 —.

328 2592 435 2637 Non
468 2607 629 2636 vanum
669 2597 757 2646 est',
798 2590 920 2648 quod
952 2589 1008 2635 de
1044 2590 1246 2635 amnibus
1283 2591 1414 2635 tertio
1455 2590 1556 2635 loco
1597 2591 1655 2635 ad
1688 2601 1844 2636 terram
1883 2597 1927 2635 et
1962 2607 2079 2635 mare
2115 2590 2299 2635 adiectis
2332 2590 2456 2634 docti

325 2667 640 2713 addubitantes
681 2673 758 2710 aut
793 2666 1052 2710 deleverunt
1083 2682 1236 2711 vocem
1267 2667 1460 2725 ineptam
1492 2673 1570 2710 aut
1601 2683 1681 2711 suo
1712 2667 1812 2710 loco
1843 2674 2005 2710 motam
2038 2674 2207 2711 mutata
2236 2666 2378 2709 forma
2407 2666 2455 2709 in

327 2745 461 2789 alium
498 2743 834 2788 transtulerunt.
905 2741 1107 2799 Quorum
1146 2743 1426 2787 conaminum
1467 2743 1637 2788 nullum
1675 2750 1743 2788 est
1780 2743 1900 2801 quod
1931 2758 2012 2787 sua
2050 2743 2330 2802 simplicitate
2359 2742 2456 2801 pla-

327 2828 445 2874 ceat;
483 2820 560 2877 qui
590 2834 693 2863 vero
729 2818 841 2863 falso
873 2818 1043 2862 illatum
1075 2834 1235 2862 nomen
1273 2819 1545 2874 existimant,
1587 2819 1873 2863 additamenti
1907 2832 2082 2863 causam
2115 2833 2205 2862 non
2238 2819 2455 2876 aperiunt.

328 2895 432 2953 Quo
475 2894 615 2953 magis
657 2892 965 2952 inquirendum
1003 2899 1073 2938 est
1103 2894 1149 2937 in
1180 2894 1268 2937 vim
1300 2895 1559 2949 sententiae,
1596 2911 1651 2938 ne
1682 2895 1810 2938 forte.
1836 2894 2137 2952 imprudentes
2179 2894 2454 2949 abiiciamus,

326 2971 448 3030 quod
485 2970 687 3017 consulto
727 2970 920 3029 scriptor
950 2968 1185 3014 addiderit.
1252 2968 1341 3026 Qui
1373 2970 1502 3016 nobis
1536 2969 1724 3026 videtur,
1756 2987 1855 3015 cum
1888 2970 1999 3015 haec
2029 2970 2114 3014 tria
2146 2978 2304 3015 terram
2333 2985 2456 3015 mare

323 3064 554 3107 amnesque
592 3047 837 3106 copulavit,
879 3045 974 3091 vias
1012 3062 1317 3104 quaecumque
1357 3063 1455 3091 esse
1494 3054 1685 3106 possunt
1725 3062 1879 3091 omnes
1918 3052 2009 3091 tam
2045 3052 2277 3092 terrestres
2321 3062 2454 3105 quam

324 3139 439 3181 quae
480 3123 591 3168 mari
629 3122 700 3167 vel
738 3120 940 3167 amnibus
979 3128 1194 3180 parantur
1233 3122 1467 3181 complecti
1506 3121 1719 3176 voluisse3
1759 3122 1803 3167 in
1844 3137 1931 3180 qua
1962 3138 2031 3179 re,
2072 3122 2111 3168 si
2147 3122 2260 3167 forte
2298 3128 2455 3167 auctor

323 3197 552 3244 Romanus
587 3214 677 3244 non
715 3203 829 3254 erat,
866 3204 1042 3256 poterat
1071 3196 1343 3252 Graecorum
1383 3198 1518 3242 moris
1555 3215 1722 3244 memor
1758 3214 1877 3254 esse,
1919 3199 1995 3256 qui
2033 3199 2079 3243 in
2115 3204 2233 3243 terra
2264 3204 2309 3244 et
2344 3199 2454 3244 mari

323 3275 653 3339 distinguendis
685 3291 817 3334 saepe
847 3290 937 3319 non
969 3273 1231 3331 subsistunt,
1263 3274 1370 3333 quin
1401 3274 1511 3319 mari
1541 3274 1722 3333 insuper
1753 3274 1920 3319 addant
1951 3274 2147 3320 flumina.
2211 3275 2277 3321 Ut
2307 3276 2454 3320 mitta-

2117 3352 2176 3402 3.
