2920 3859
1360 229 1389 275 5

304 359 467 418 cipium
502 360 739 405 sublatum.
791 360 855 405 Et
884 366 1032 406 tamen
1054 362 1125 407 vel
1147 361 1377 408 audaciam
1409 364 1598 408 retinere
1630 368 1794 422 potest,
1824 359 1942 419 quod
1974 375 2062 404 non
2096 357 2230 403 semel
2262 358 2341 402 sed
2371 364 2442 403 ter

303 435 351 477 in
379 434 534 479 eodem
562 435 738 480 dicendi
759 452 921 494 genere
941 424 1145 481 iubemur
1173 438 1290 482 idem
1318 439 1612 497 participium,
1643 440 1738 483 sive
1764 437 1874 481 illud
1900 451 2042 480 errore
2068 441 2221 478 natum
2250 440 2319 478 est
2345 435 2437 478 sive

304 511 534 568 consilio‘)
565 527 699 568 prave
731 511 965 566 adiectum,
996 513 1155 568 delere,
1196 529 1296 557 cum
1333 515 1592 571 praesertim
1625 515 1907 571 participium
1944 513 2088 568 ipsum
2122 509 2440 553 convenienter

302 583 360 628 ad
392 585 635 629 orationem
671 585 879 643 Liviique
920 587 1282 633 cousuetudinem
1323 588 1467 634 locum
1501 589 1712 643 obtineat,
1756 589 1821 632 sic
1851 592 1902 631 ut
1932 584 2157 630 desideres
2191 585 2229 628 si
2261 584 2438 629 abesset

300 659 452 717 potius
479 674 611 718 quam
639 672 739 705 cum
767 660 884 706 adsit
912 662 1100 706 abiicere
1127 662 1257 717 velis,
1291 663 1475 708 offensio
1499 670 1646 707 autem
1675 679 1727 708 eo
1755 662 1930 706 demum
1953 661 2132 714 oriatur,
2160 659 2281 716 quod
2309 675 2437 717 prae-

300 724 437 779 misso
459 734 565 778 'hoc
604 735 839 793 participio
879 737 1142 780 seutentiam
1184 737 1352 782 claudit
1387 738 1572 782 verbum
1603 746 1746 782 castra
1778 739 1921 792 movit,
1960 734 2080 792 quod
2117 733 2300 777 eandem
2333 749 2435 777 cum

299 809 376 853 illo
408 810 496 854 vim
529 810 817 869 profectionis
857 811 1002 856 habet.
1067 812 1198 857 Hanc
1236 814 1350 858 enim
1389 814 1485 858 vitii
1527 819 1730 857 naturam
1770 812 2029 870 Madvigius
2067 811 2316 868 perspexit,
2357 811 2434 867 qui

302 885 544 930 identidem
582 901 727 945 nugas
767 901 864 931 esse
905 889 1222 946 pronuntiavit,
1262 876 1383 948 quod
1421 891 1521 948 quis
1553 889 1772 950 profectus
1804 897 1944 933 castra
1980 888 2152 930 movisse
2182 886 2224 928 h.
2259 901 2295 929 e.
2328 901 2433 944 pro-

298 962 442 1006 fectus
473 961 730 1006 discessisse
762 962 1002 1017 diceretur-3
1037 965 1174 1007 ceteri
1204 965 1249 1008 in
1276 981 1398 1009 mera
1429 966 1704 1010 abundantia
1734 965 1948 1009 orationis
1980 963 2226 1015 haerentes,
2260 977 2355 1004 eam
2382 968 2433 1004 ut

295 1046 558 1093 tutarentur,
598 1039 809 1096 exemplis
848 1041 917 1082 usi
958 1047 1062 1083 sunt
1099 1041 1154 1084 ab
1187 1041 1271 1084 hac
1311 1026 1446 1086 causa
1477 1043 1644 1086 alienis.
1697 1043 1866 1085 Verum
1905 1042 1942 1084 si
1975 1041 2265 1096 disceptatur,
2295 1040 2432 1094 parti-

298 1116 473 1174 cipione
503 1115 549 1158 in
582 1114 780 1159 eiusdem
812 1116 1057 1159 sententiae
1090 1117 1423 1162 continuatione
1455 1120 1673 1176 comparis
1706 1117 2041 1177 significationis
2068 1115 2250 1158 verbum
2280 1130 2431 1171 super-

298 1191 403 1235 addi
441 1192 658 1249 potuerit,
694 1207 836 1248 paene
874 1192 1100 1246 miramur,
1138 1193 1259 1249 quod
1289 1194 1545 1252 Madvigius
1581 1195 1670 1238 hoc
1706 1196 1753 1237 in
1792 1210 1882 1237 una
1919 1193 2119 1236 oratione
2158 1192 2261 1234 ferri
2300 1208 2431 1249 posse

297 1267 495 1326 negavit,
517 1267 562 1309 in
590 1267 687 1310 aliis
715 1265 830 1309 idem
860 1266 1099 1311 clementer
1117 1284 1355 1326 perpessus
1382 1276 1462 1313 est.
1504 1268 1627 1325 Quid
1654 1270 1768 1313 enim
1798 1269 1854 1312 de
1884 1267 2205 1326 significatione
2233 1267 2270 1310 si
2298 1283 2430 1323 quae-

297 1343 411 1387 ritur
431 1342 616 1386 alterum
638 1341 763 1385 alteri
784 1342 927 1400 magis
955 1342 1093 1386 simile
1122 1359 1218 1387 esse
1245 1350 1394 1402 potest
1416 1361 1547 1402 quam
1569 1352 1637 1389 est
1653 1344 1875 1401 frustrari
1903 1350 1947 1388 et
1971 1342 2164 1387 eludere?
2194 1341 2256 1385 Et
2282 1349 2429 1385 tamen

297 1418 456 1464 Livius
489 1417 664 1476 scripsit
696 1417 768 1472 27,
790 1419 865 1472 44,
888 1419 928 1461 9.

570 1493 846 1538 Adiiciebant
881 1495 1008 1538 etiam
1032 1495 1169 1552 periti
1203 1509 1346 1539 rerum
1376 1496 1630 1555 Hispaniae,
1668 1496 1788 1540 haud
1819 1511 1913 1539 cum
1944 1497 2087 1553 iynoto
2117 1509 2213 1538 eum
2244 1494 2350 1537 duce
2385 1494 2429 1538 C.

570 1568 741 1613 Nerone
772 1583 1113 1627 conyressurum,
1152 1570 1225 1614 sed
1254 1585 1396 1628 quem,
1428 1573 1476 1615 in
1507 1573 1622 1616 saltu
1652 1572 1853 1630 impedito
1886 1571 2118 1629 deprensus
2139 1568 2275 1623 sorte,
2313 1569 2430 1612 haud

569 1661 687 1691 secus
716 1660 848 1705 quam
872 1659 1056 1704 puerum
1088 1646 1401 1691 conscribendis
1417 1647 1661 1703 fallacibus
1683 1646 2004 1693 condicionibus
2028 1646 2156 1705 pacis
2193 1644 2430 1688 frustratus

573 1722 791 1767 elusisset.

292 1798 387 1844 Ubi
418 1798 574 1843 abesse
603 1804 779 1857 poterat
799 1797 1061 1853 frustratus,
1098 1797 1178 1841 sed
1210 1798 1284 1855 qui
1313 1798 1524 1843 deleverit
1550 1800 1843 1858 participium,
1882 1799 1937 1843 de
1969 1797 2191 1856 elegantia
2217 1797 2428 1839 orationis

292 1873 537 1918 detraxisse
569 1873 814 1918 censendus
848 1879 937 1926 est3
981 1879 1027 1916 et
1067 1873 1219 1918 scribit
1250 1874 1420 1929 Livius,
1460 1883 1511 1918 ut
1543 1874 1729 1919 eandem
1761 1890 1940 1919 manum
1972 1886 2204 1931 agnoscas,
2242 1887 2331 1915 non
2362 1872 2425 1915 ita

292 1949 432 1994 multo
464 1955 583 2010 post,
614 1965 651 1994 e.
675 1951 748 2006 47,
777 1951 803 1994 6
838 1957 982 1994 tantae
1007 1951 1072 1993 rei
1086 1948 1374 2005 frustratione
1393 1950 1683 1996 Hannibalem
1708 1952 1884 1996 elusum.
1936 1950 2006 1994 Ac
2034 1948 2234 1993 similiter
2264 1947 2422 1992 Cicero

289 2026 468 2070 locutus
509 2032 591 2081 est,
629 2026 684 2069 de
715 2026 872 2070 officiis
907 2029 947 2080 1,
969 2027 1042 2080 22,
1065 2027 1121 2068 77
1153 2028 1341 2070 consiliis
1378 2028 1684 2086 diliqentiaque
1726 2036 1873 2071 nostra
1917 2027 2103 2070 celeriter
2140 2025 2192 2067 de
2227 2025 2424 2067 manibus

290 2103 674 2145 audacissimorum
709 2103 862 2144 civium
898 2103 1074 2158 delapsa
1111 2117 1236 2145 arma
1273 2105 1371 2160 ipsa
1408 2105 1668 2156 ceciderunt3
1706 2104 1760 2146 de
1797 2111 1955 2146 natura
1991 2102 2174 2144 deorum
2202 2101 2245 2154 2,
2270 2103 2340 2154 11,
2364 2101 2423 2143 30

290 2186 497 2221 naturam
516 2193 611 2221 eam
631 2192 740 2235 quae
759 2193 825 2220 res
845 2192 984 2220 omnes
1005 2178 1221 2235 complexa
1246 2185 1404 2231 teneat3
1439 2179 1481 2233 2,
1507 2180 1577 2233 18,
1598 2180 1657 2223 47
1688 2180 1798 2238 quid
1815 2180 1928 2222 enim
1948 2177 2177 2236 pulchrius
2196 2192 2245 2219 ea
2255 2174 2419 2233 fiqura,

290 2268 402 2311 quae
422 2253 513 2296 sola
533 2267 673 2296 omnes
692 2253 806 2296 alias
815 2252 988 2310 fiyuras
1009 2254 1224 2310 comptem
1246 2256 1450 2306 continet3
1484 2255 1526 2308 2,
1550 2257 1622 2308 51,
1648 2255 1732 2297 128
1759 2255 1939 2305 animal,
1969 2254 2084 2311 quod
2109 2268 2205 2296 cum
2232 2267 2284 2294 ex
2304 2259 2421 2294 utero

291 2329 484 2386 elapsum
515 2329 689 2385 excidia
721 2327 956 2371 Petronius
988 2342 1165 2384 quoque
1196 2342 1234 2371 c.
1263 2330 1316 2371 16
1349 2330 1453 2372 dum
1486 2330 1712 2387 loquimur,
1744 2344 1839 2372 sera
1871 2345 1950 2372 sua
1982 2337 2124 2387 sponte
2154 2328 2328 2384 delapsa
2357 2342 2418 2369 ce·

286 2405 405 2448 cidit.
461 2403 621 2462 Neque
652 2404 827 2461 poetica
857 2403 1061 2447 libertate
1088 2403 1336 2447 vindicatur
1360 2404 1618 2463 Propertius
1645 2404 1766 2462 quod
1797 2404 1911 2448 dixit
1941 2407 1984 2460 4,
2006 2407 2051 2459 4,
2073 2407 2131 2449 64
2162 2404 2345 2463 Ipsaque
2369 2405 2417 2447 in

295 2480 509 2524 Oceanum
535 2481 677 2523 sidera
706 2481 829 2538 lapsa
857 2481 1020 2523 cadunt
1042 2481 1117 2537 (ef.
1142 2480 1184 2534 3,
1211 2482 1280 2535 15,
1303 2482 1380 2538 34)
1405 2487 1483 2524 aut
1503 2481 1729 2540 Vergilius
1751 2482 1885 2539 (Aen.
1910 2483 1952 2536 6,
1975 2482 2084 2538 309)
2123 2480 2262 2534 Quam
2282 2481 2416 2523 multa

288 2558 338 2600 in
359 2557 477 2600 silvis
495 2558 699 2600 autumni
709 2556 881 2614 friqore
900 2558 1045 2614 primo
1067 2557 1216 2615 Lapsa
1240 2558 1404 2600 cadunt
1417 2556 1548 2611 folia,
1573 2564 1619 2601 et
1640 2555 1831 2602 Ovidius
1854 2557 2060 2615 (Heroid.
2075 2558 2146 2612 20,
2161 2557 2268 2614 210)
2290 2556 2417 2600 Deci-

290 2633 434 2676 derint
458 2633 643 2676 humer-is
665 2633 808 2690 pallia
837 2633 961 2690 lapsa
987 2634 1110 2685 meisg
1151 2638 1196 2676 et
1221 2633 1266 2676 in
1293 2633 1432 2676 altero
1459 2633 1792 2691 participiorum
1819 2648 1979 2691 genere
2007 2632 2209 2676 Catullus
2231 2633 2303 2687 64,
2329 2633 2414 2676 178

290 2709 349 2753 ab
371 2710 539 2767 qurqite
566 2709 653 2752 lato
672 2708 930 2752 Discernens
948 2711 1079 2767 ponti
1103 2710 1388 2753 truculentum
1415 2708 1492 2752 ubi
1515 2709 1673 2753 dividit
1696 2725 1875 2768 aequor3
1908 2710 1995 2754 314
2019 2724 2159 2767 prono
2189 2709 2236 2752 in
2263 2709 2416 2766 pollice

290 2793 489 2844 torquens
510 2784 740 2828 Libraaeum
769 2786 890 2828 tereti
911 2785 1108 2828 versabat
1133 2785 1300 2829 turbine
1319 2785 1486 2840 fissum,
1519 2791 1597 2828 aut
1616 2785 1854 2829 Lucretius
1883 2787 1925 2840 6,
1951 2785 2034 2828 138
2065 2786 2166 2828 dum
2191 2785 2331 2827 validi
2352 2786 2416 2827 vis

286 2862 422 2905 incita
452 2862 567 2904 venti
595 2861 855 2920 Perscindat
888 2861 1041 2904 nubem
1070 2860 1340 2919 persrinqens
1369 2864 1521 2920 impete
1549 2870 1672 2905 recto.
1738 2860 1827 2917 Qui
1863 2877 1961 2904 cum
1999 2860 2103 2903 talia
2139 2860 2416 2919 coniungunt

290 2936 534 2980 discernens
575 2937 749 2991 dividit,
787 2937 1035 2995 perscindat
1055 2936 1349 2995 perfrinqens,
1387 2936 1497 2979 nihil
1537 2936 1735 2980 diversae
1775 2936 1967 2979 notionis
2003 2935 2238 2993 participia
2268 2935 2417 2979 verbis
2491 2944 2495 2947 “

494 3097 535 3148 ⁴’)
573 3097 639 3136 De
668 3097 837 3137 consilio
866 3098 1038 3137 addendi
1064 3097 1292 3150 Madvigius
1322 3099 1435 3137 vario
1465 3098 1584 3137 modo
1613 3098 1818 3145 iudicavit3
1850 3099 1917 3144 44,
1939 3097 1977 3144 2,
1999 3097 2023 3136 2
2047 3099 2246 3148 profectus
2273 3095 2415 3137 ‘inter-

288 3163 598 3217 pretamentum'
634 3177 725 3206 esse
759 3165 863 3206 dixit
893 3164 960 3206 ‘ad
989 3168 1131 3206 decimo
1167 3167 1229 3206 die
1261 3166 1508 3218 adscriptum
1545 3180 1624 3206 non
1655 3165 1934 3207 animadverso
1969 3165 2082 3217 sequi
2111 3173 2242 3206 castra
2268 3163 2415 3213 mooit'3

287 3233 358 3282 42,
379 3235 447 3284 54,
468 3234 493 3275 6
518 3236 714 3286 profectus
751 3234 928 3274 additum
966 3231 1034 3274 ‘ad
1063 3235 1368 3284 declarandum,
1408 3236 1505 3287 quid
1533 3241 1641 3274 esset
1668 3241 1798 3274 castra
1826 3231 2001 3274 movere'.
2061 3233 2244 3284 Quorum
2280 3241 2414 3274 tamen

286 3310 474 3343 neutrum
503 3316 554 3342 ne
583 3317 654 3356 per
682 3316 727 3343 se
756 3304 914 3355 quidem
945 3304 1003 3343 ita
1030 3308 1302 3355 comparatum
1333 3312 1394 3344 est
1423 3312 1465 3343 ut
1494 3304 1611 3343 facile
1640 3304 1758 3342 fidem
1787 3303 1922 3342 faciat.
