2920 3859
1497 203 1557 249 16

453 339 748 382 Romanorum
777 337 1032 395 inexpiabile
1059 339 1227 390 odium3
1260 336 1341 381 sed
1371 352 1462 381 non
1495 337 1800 397 [inexpiabilis]
1834 336 2177 396 execrabilisque,
2215 353 2370 384 verum
2401 338 2592 384 colloca-

455 415 574 458 tione
607 412 827 457 contraria
857 413 949 456 odii
978 413 1224 456 execrabilia
1256 413 1652 471 [ineapiabilishue
1683 410 1965 456 scribendum
1996 417 2111 464 erat;
2148 412 2254 456 item
2287 414 2360 468 25,
2385 415 2456 469 14,
2477 415 2505 458 8
2534 414 2592 457 ab

453 489 771 546 revocandoque
801 488 863 531 ad
892 489 1137 532 incitandos
1168 488 1481 545 hortandosque
1511 503 1655 532 versus
1686 487 1839 530 mitius
1877 486 1951 531 ille
1981 501 2064 543 que
2101 486 2280 542 abiecit,
2319 504 2420 532 cum
2457 489 2591 532 etiam

456 562 748 622 aequabilitas
781 562 995 607 orationis
1028 561 1249 617 suaderet,
1290 569 1340 607 ut
1371 569 1671 622 reponeretur,
1713 559 1834 619 quod
1868 559 2266 608 Weissenbornius
2297 571 2455 609 auctor
2494 564 2593 620 fuit,

452 640 509 683 ab
540 640 772 684 revocando
807 638 1193 698 [remorando]que.
1245 638 1300 683 In
1333 637 1484 684 ordine
1517 644 1664 683 autem
1696 635 1974 682 restituendo
2002 652 2029 680 a
2057 636 2208 682 multis
2238 646 2471 697 peccatum
2511 646 2591 684 est.

455 714 529 759 Ita
551 716 625 771 26,
648 716 720 770 24,
744 716 770 760 2
793 731 891 759 cum
916 713 1162 773 Syracusas
1186 713 1467 773 Capuamque
1487 723 1658 773 captam
1679 715 1728 757 in
1743 712 1879 767 fidem
1898 714 1947 756 in
1969 712 2186 771 Italiaque
2211 730 2353 769 rerum
2379 718 2589 760 secunda-

452 806 553 835 rum
578 797 842 847 ostentasset,
879 788 1078 836 Siciliam
1110 789 1315 835 nimirum
1347 789 1631 845 addiderunt,
1671 787 1751 835 sed
1787 787 1873 833 hac
1905 787 2020 834 serie
2048 789 2097 833 in
2129 787 2322 849 [Sicilia]
2355 787 2591 852 Italiaque-3

454 866 578 927 quod
608 882 664 911 ne
696 867 797 925 quis
830 864 1130 910 commendari
1162 871 1241 911 aut
1270 866 1396 926 posci
1427 866 1579 913 credat
1611 881 1677 922 eo,
1711 864 1834 924 quod
1865 863 2022 910 eodem
2052 863 2208 911 ordine
2235 865 2479 926 Syracusas
2508 868 2593 915 Ca-

447 958 671 1002 puamque
702 943 882 985 nomina
913 943 1253 1000 praecesserint,
1284 942 1442 987 Livius
1465 943 1538 998 26,
1560 944 1633 997 41,
1658 943 1713 985 14
1747 941 1903 986 scribit
1931 942 1981 984 in
2011 941 2102 984 dies
2132 942 2311 987 &zetiora
2342 959 2396 988 ac
2416 945 2593 989 meliora

452 1022 502 1061 in
524 1019 659 1061 Italia
677 1018 912 1076 Siciliaque
928 1025 1155 1075 yeruntur,
1178 1023 1222 1061 et
1244 1016 1405 1061 deinde
1427 1033 1520 1061 rem
1541 1017 1603 1061 ita
1624 1016 1820 1075 exponit,
1841 1018 1890 1060 in
1906 1015 2060 1061 Sicilia
2084 1014 2331 1076 Syracusae
2351 1026 2502 1077 captae
2518 1053 2530 1064 .
2555 1054 2565 1063 .
2578 1053 2592 1075 ,

451 1097 502 1137 in
534 1095 669 1137 Italia
701 1094 818 1151 Arpi
851 1094 1018 1150 recepti.
1076 1092 1203 1136 Idem
1244 1107 1399 1136 rursus
1432 1093 1510 1148 27,
1533 1094 1612 1147 40,
1635 1093 1662 1135 4
1699 1093 1837 1135 multa
1873 1092 2058 1135 secunda
2094 1092 2144 1135 in
2179 1092 2315 1136 Italia
2353 1092 2591 1154 ›Siciltaque

452 1178 588 1227 qesta.
638 1168 789 1222 Quare
812 1183 955 1224 nuper
981 1167 1176 1221 tandem,
1204 1167 1326 1223 quod
1346 1168 1446 1224 ipsa
1465 1167 1714 1224 corrigendi
1735 1167 1925 1210 facilitas
1948 1166 2229 1225 suggerebat,
2257 1169 2502 1226 repositum
2524 1175 2593 1214 est

455 1246 506 1288 s‘n
537 1243 672 1288 Italia
716 1242 1001 1303 [sicamque.
1066 1242 1173 1286 Non
1215 1258 1297 1287 nos
1336 1242 1452 1286 hanc
1489 1248 1629 1287 totam
1670 1258 1850 1287 causam
1889 1242 2088 1286 excussis
2130 1243 2343 1301 exemplis
2384 1246 2589 1290 omnibus

456 1320 664 1378 persequi
697 1319 941 1372 voluimus,
973 1317 1052 1362 sed
1085 1318 1193 1361 satis
1227 1318 1286 1361 sit
1316 1318 1446 1362 nobis
1476 1319 1630 1377 paucis
1662 1317 1974 1377 speciminibus
2006 1317 2185 1362 selectis
2217 1318 2451 1377 probasse,
2483 1320 2591 1379 quid

457 1397 504 1440 in
537 1396 621 1439 hac
653 1394 868 1438 orationis
900 1395 1041 1436 forma
1070 1400 1115 1436 et
1146 1394 1234 1437 hoc
1264 1409 1426 1451 genere
1447 1394 1723 1452 corruptelae
1746 1394 1893 1437 caveri
1913 1394 2101 1438 maxime
2133 1399 2179 1437 et
2205 1394 2431 1439 observari
2461 1412 2593 1456 opor-

458 1477 566 1516 teat.
630 1471 692 1515 Et
729 1471 774 1514 in
812 1470 943 1530 tertia
982 1469 1160 1526 quidem
1198 1470 1420 1514 annalium
1451 1470 1739 1514 Livianorum
1776 1469 1946 1514 decade
1978 1470 2041 1513 illi
2073 1487 2205 1529 quam
2237 1473 2594 1517 commendamus

457 1548 619 1592 rationi
651 1563 859 1605 magnum
892 1545 1194 1590 adiumentum
1227 1546 1428 1601 accessit,
1460 1562 1515 1590 ex
1549 1562 1637 1604 quo
1669 1553 1845 1605 praeter
1875 1546 2066 1591 Puteani
2098 1547 2265 1606 codicis
2294 1549 2428 1593 fldem
2458 1549 2594 1594 libro-

458 1639 557 1667 rum
589 1639 643 1666 ex
677 1623 879 1680 Spirensi
912 1622 1148 1665 ductorum
1181 1622 1435 1665 memoriam
1468 1621 1786 1666 consulendam
1821 1638 1920 1666 esse
1958 1623 2231 1667 intellectum
2263 1629 2343 1667 est.
2406 1623 2497 1669 Sed
2528 1630 2594 1668 ta-

462 1715 562 1742 men
594 1704 637 1742 et
667 1698 713 1741 in
746 1698 833 1741 illis
866 1697 991 1741 libris
1024 1704 1068 1740 et
1099 1697 1204 1741 alibi
1238 1697 1369 1740 etiam
1401 1713 1518 1741 nunc
1550 1703 1802 1755 supersunt,
1840 1698 1886 1740 in
1918 1697 2080 1754 quibus
2112 1704 2190 1741 aut
2221 1698 2277 1742 de
2309 1699 2484 1743 defectu
2516 1716 2594 1757 pa-

460 1790 557 1817 rum
589 1780 710 1816 recte
743 1779 976 1827 statuatur,
1018 1778 1108 1826 aut,
1149 1773 1185 1815 si
1223 1771 1426 1816 defectus
1458 1779 1648 1828 constat,
1689 1771 1923 1831 supplendi
1960 1772 2120 1817 rationi
2158 1772 2352 1818 nondum
2387 1774 2507 1819 omni
2539 1790 2594 1819 ex

459 1855 586 1906 parte
614 1849 888 1892 satisfactum
910 1847 1124 1889 videatur.
1168 1847 1239 1888 Ex
1266 1848 1320 1890 iis
1347 1847 1452 1902 duo,
1479 1847 1535 1890 de
1559 1847 1720 1904 quibus
1748 1847 1912 1891 certius
1939 1846 2125 1891 iudicari
2152 1863 2285 1906 posse
2313 1848 2593 1907 putabamus,

460 1924 812 1982 perstringemus
844 1923 981 1966 brevi.
1035 1922 1172 1966 Libro
1207 1924 1277 1976 25,
1305 1924 1375 1977 15,
1400 1924 1454 1966 16
1488 1923 1598 1967 haec
1628 1922 1792 1973 tradita
1821 1928 1937 1967 sunt.

738 1999 899 2044 seditio
930 1999 1031 2043 inde
1054 2000 1282 2057 paulisper
1315 2000 1462 2053 tenuit,
1493 2016 1591 2043 cum
1620 1999 1721 2042 inde
1747 2000 1831 2043 alii
1855 2000 2090 2043 cedendum
2111 1999 2320 2055 fortunae
2350 2008 2390 2044 et
2421 2001 2594 2044 traden-

738 2075 840 2117 dam
871 2074 1017 2117 urbem
1048 2074 1275 2117 victoribus
1306 2081 1538 2118 censerent.-

461 2152 528 2196 Ut
560 2151 785 2194 mittamus
818 2165 932 2206 quae
964 2150 1069 2192 olim
1101 2150 1304 2193 coniecta
1335 2156 1448 2204 sunt,
1482 2150 1653 2194 initium
1686 2149 1948 2194 emendandi
1979 2150 2086 2194 fecit
2110 2149 2301 2195 Ioannes
2329 2150 2595 2196 Fredericus

463 2227 737 2280 Gronovius,
765 2227 841 2283 qui
861 2242 959 2268 cum
979 2228 1027 2267 in
1043 2225 1135 2279 fide
1159 2226 1439 2283 [manendum
1459 2227 1587 2284 aliq,
1613 2227 1696 2269 alii
1718 2227 1954 2269 cedendum
1963 2225 2173 2280 fortunae
2192 2226 2446 2284 proposuit3
2475 2241 2597 2269 eum-

462 2318 550 2359 que
577 2308 755 2345 secutus
781 2301 993 2344 Hertzius
1021 2300 1214 2357 scripsit,
1246 2300 1367 2356 quod
1394 2308 1552 2358 postea
1578 2307 1806 2358 receptum
1833 2306 1902 2344 est
1927 2316 2067 2358 paene
2091 2301 2149 2365 pb
2176 2300 2396 2354 omnibus,
2424 2316 2524 2343 cum
2548 2302 2598 2344 in

451 2377 545 2433 fide
578 2378 678 2437 [alii
707 2376 1012 2435 manendum]‚
1044 2377 1126 2419 alii
1155 2377 1388 2420 cedendum
1411 2376 1452 2432 f.
1508 2378 1658 2434 Atque
1689 2379 1739 2420 in
1767 2376 1861 2432 fide
1891 2393 1945 2420 ex
1975 2379 2077 2421 inde
2107 2376 2333 2422 verissime
2365 2392 2598 2435 recupera-

462 2460 557 2497 tum
589 2459 813 2510 putamus,
847 2459 1044 2496 ceterum
1071 2451 1288 2495 Gronovii
1321 2460 1617 2496 commentum
1650 2453 1864 2495 orationis
1896 2453 2256 2506 conformatione,
2287 2452 2460 2495 Hertzii
2491 2452 2597 2495 faci-

462 2529 585 2572 litate
619 2526 880 2572 emendandi
911 2526 1088 2585 probari
1110 2527 1251 2585 magis
1284 2527 1475 2583 videtur,
1507 2533 1710 2571 neutrum
1742 2543 1894 2571 omnes
1926 2527 2252 2585 probabilitatis
2283 2543 2490 2571 numeros
2523 2543 2599 2571 ex-

462 2605 599 2663 plere.
661 2604 853 2660 Utrique
893 2603 956 2646 rei
998 2603 1161 2660 pariter
1201 2604 1476 2647 satisfactum
1509 2604 1605 2657 erit,
1647 2603 1799 2647 mutila
1836 2604 2055 2647 sententia
2095 2604 2181 2647 hoc
2212 2602 2345 2646 modo
2377 2603 2598 2661 suppleta,

461 2697 560 2724 cum
595 2680 695 2737 [alii
712 2679 992 2736 manendum]
1025 2680 1074 2720 in
1094 2678 1200 2732 fide,
1232 2680 1316 2721 alii
1344 2679 1575 2722 cedendum
1594 2678 1803 2732 fortunae
1825 2710 1835 2720 .
1860 2711 1871 2721 .
1892 2686 2118 2721 censerent.
2170 2679 2234 2722 Et
2256 2684 2442 2736 apparet
2462 2693 2596 2734 quam

464 2755 550 2799 levi
582 2769 727 2798 errore
759 2753 963 2798 librarius
994 2769 1095 2797 cum
1127 2770 1154 2797 a
1185 2770 1281 2798 cum
1313 2753 1371 2797 ad
1402 2755 1506 2797 dum
1538 2754 1763 2797 aberraret
1794 2753 1938 2797 media
1968 2753 2336 2812 praetermiserit3
2375 2753 2595 2798 similiter-

465 2847 551 2887 que
589 2835 820 2887 peccatum
858 2836 926 2872 est
963 2829 1092 2884 alibi,
1132 2831 1213 2884 42,
1236 2831 1315 2884 47,
1341 2831 1365 2872 5
1399 2831 1653 2873 denuntiare
1689 2831 1817 2872 etiam
1853 2831 2070 2873 interdum
2109 2830 2328 2888 [puqnam
2363 2837 2404 2873 et
2438 2830 2593 2888 locum]

452 2906 609 2962 finire5
644 2905 716 2960 36,
739 2905 781 2959 8,
804 2905 830 2948 2
863 2905 951 2948 dies
981 2906 1043 2948 ad
1073 2906 1403 2949 conveniendum
1436 2905 1567 2964 [cum]
1600 2907 1784 2949 eaercitu
1814 2905 1981 2948 Pheras
2011 2912 2073 2949 est
2101 2906 2313 2957 indictum
2352 2903 2596 2962 eodemque

465 2980 745 3026 referendum
779 2986 845 3023 est
877 2980 996 3037 quod
1035 2997 1170 3039 supra
1201 2981 1344 3039 capite
1378 2994 1426 3025 1v
1457 2981 1683 3039 tetigimus
1717 2981 1789 3035 44,
1817 2981 1888 3036 19,
1912 2983 1932 3024 1
1970 2981 2162 3025 nondum
2201 2981 2334 3039 [cum]
2375 2981 2505 3038 leqati
2533 2996 2597 3024 re-

462 3059 637 3103 dissent.
692 3054 827 3112 Quod
856 3071 962 3099 vero
994 3057 1199 3114 ponimus
1226 3059 1486 3101 manendum
1516 3059 1565 3100 in
1585 3056 1689 3112 fide,
1722 3055 1880 3101 eodem
1908 3056 2063 3101 ordine
2084 3056 2241 3101 Livius
2274 3058 2347 3111 27,
2373 3051 2492 3110 1314
2524 3073 2598 3100 nec

464 3148 718 3178 mansuram
748 3133 798 3174 in
818 3131 932 3186 fide3
965 3132 1038 3186 31,
1063 3133 1104 3186 7,
1130 3134 1183 3177 12
1216 3135 1415 3191 quietura
1447 3140 1527 3176 aut
1555 3147 1766 3176 mansura
1796 3133 1843 3176 in
1864 3131 1958 3187 fide
1987 3133 2171 3177 creditis.
2223 3131 2349 3176 Idem
2377 3132 2451 3186 36,
2477 3133 2544 3187 12,
2569 3135 2595 3176 2

463 3225 565 3253 cum
598 3209 661 3252 ita
693 3207 850 3252 scribit
880 3223 977 3250 cum
1008 3208 1056 3249 in
1088 3210 1301 3263 contione,
1332 3210 1543 3266 quidnam
1572 3209 1917 3266 respondendum
1944 3210 2036 3266 reqi
2059 3216 2184 3263 esset,
2213 3208 2530 3251 consultaretur
2559 3216 2601 3251 et

462 3285 547 3328 alii
576 3287 837 3329 manendum
868 3287 916 3328 in
938 3285 1134 3328 Romana
1167 3286 1371 3340 societate,
1402 3285 1484 3328 alii
1514 3299 1600 3328 non
1631 3284 1951 3343 aspernandam
1970 3285 2208 3327 amicitiam
2233 3284 2344 3342 reqis
2371 3291 2599 3339 censerent,
