2920 3859
1383 221 1410 268 7

606 364 680 411 est,
708 356 891 410 haberet,
917 363 1133 399 venerunt.
1183 354 1388 414 Micythio
1409 363 1504 399 erat
1523 371 1620 399 cum
1639 356 1709 410 iis,
1737 355 1900 413 leyatus
1921 354 1976 398 ab
2003 355 2203 399 Chalcide
2223 356 2285 398 ad
2309 354 2467 409 Quinc·

605 433 710 475 tium
736 432 798 475 ad
824 432 873 474 id
897 432 1039 489 ipsum
1061 432 1330 489 praesidium
1356 432 1586 489 petendum
1612 432 1778 474 niissus.
1836 429 1922 484 Qui
1946 437 2176 488 postquam
2202 429 2257 473 ab
2282 430 2466 473 hostibus

605 505 792 550 obsessas
812 504 968 560 fauces
998 507 1119 562 vidit,
1150 508 1300 550 omisso
1330 506 1392 549 ad
1416 505 1620 549 Aulidem
1650 507 1811 560 itinere,
1842 505 2017 549 Delium
2039 506 2263 559 convertit,
2283 511 2334 548 ut
2363 506 2465 548 inde

603 584 653 625 in
683 580 900 626 Euboeam
932 583 1274 625 transmissurus.

328 658 457 702 Haec
489 658 607 701 enim
639 657 862 701 sententia
897 657 961 700 illi
993 672 1126 714 quam
1160 672 1296 715 supra
1325 657 1554 715 posuimus
1592 657 1656 700 ita
1687 657 1840 701 similis
1872 663 1953 711 est,
1993 662 2044 698 ut
2075 654 2197 712 quod
2228 655 2283 699 de
2323 655 2465 699 altera

326 727 559 788 iudicetur,
597 747 688 776 non
726 733 870 791 possit
901 747 989 775 non
1020 732 1168 776 valere
1205 733 1251 775 in
1282 739 1529 789 utramque.
1593 731 1685 776 Sed
1716 733 1809 776 eius
1840 733 2071 776 immemor
2107 731 2190 775 fuit
2221 731 2460 775 Hartelius.

327 806 742 864 Weissenbornius,
774 807 850 865 qui
881 807 970 851 illic
1003 814 1048 851 et
1077 807 1175 866 ipse
1201 816 1253 851 ut
1276 806 1460 863 delevit,
1493 806 1567 851 hic
1593 806 1830 852 defensitat
1855 802 2117 866 particulam
2145 805 2224 851 sed
2250 806 2463 865 exemplis

327 887 408 928 aut
442 883 592 942 pravis
632 887 709 927 aut
747 882 803 928 ab
841 882 926 927 hac
964 882 1225 941 quaestione
1266 882 1442 936 alienis;
1480 882 1597 927 illius
1640 882 1728 926 loci
1768 883 1844 941 qui
1891 882 2019 927 unice
2064 897 2247 940 compar
2284 888 2380 926 erat
2417 888 2463 926 et

328 958 640 1017 comparabilis
681 973 771 1003 non
810 957 1021 1003 meminit.
1084 957 1338 1017 Madvigius
1384 958 1469 1003 sibi
1518 958 1737 1017 constitit,
1783 959 1861 1016 qui
1898 972 2053 1002 rursus
2094 965 2144 1001 ut
2181 958 2461 1015 particulam,

328 1047 448 1079 nunc
489 1032 668 1092 quidem
711 1032 767 1078 de
804 1033 1008 1093 Ussingii
1047 1033 1284 1089 sententia,
1327 1034 1524 1088 notavit,
1563 1033 1733 1077 ratione
1771 1032 1942 1087 addita;
1983 1032 2165 1077 alterius
2206 1032 2291 1077 loci
2327 1048 2382 1077 ne
2422 1033 2460 1077 is

328 1108 507 1167 quidem
540 1107 781 1154 admonuit.
845 1107 937 1154 Sed
970 1107 1038 1154 his
1072 1108 1330 1167 compositis
1363 1108 1610 1163 sententiis,
1646 1108 1684 1153 si
1716 1107 1825 1153 nihil
1855 1107 1990 1163 aliud,
2023 1107 2110 1153 hoc
2139 1107 2227 1152 iam
2258 1106 2459 1152 effectum

329 1183 521 1239 videtur,
551 1191 603 1228 ut
633 1184 895 1243 particulam
928 1190 1005 1227 aut
1033 1189 1224 1241 utroque
1255 1184 1355 1227 loco
1388 1183 1683 1228 abiiciendam
1714 1199 1812 1228 esse
1842 1184 2128 1241 intelligatur,
2159 1189 2238 1226 aut
2267 1183 2462 1227 retinen-

328 1257 429 1304 dam
461 1266 651 1318 utroque
682 1258 923 1316 eademque
954 1258 1315 1318 interpretatione
1337 1257 1664 1315 vindicandam,
1694 1258 1863 1304 variare
1892 1264 2040 1303 autem
2068 1255 2344 1303 emendando
2370 1273 2458 1302 non

326 1334 474 1379 licere.
526 1333 863 1393 EttMadvigius
892 1334 1069 1393 quidem
1096 1349 1185 1392 qua
1215 1335 1386 1378 ratione
1413 1334 1500 1379 hoc
1530 1334 1774 1394 posteriore
1806 1335 1904 1379 loco
1934 1333 2196 1393 particulam
2226 1333 2460 1392 participio

327 1410 522 1455 iunctam
544 1409 780 1466 damnavit,
813 1426 914 1455 cum
946 1410 1010 1455 ita
1040 1410 1194 1455 scribit
1222 1410 1268 1454 in
1291 1410 1562 1468 praefatione
1588 1426 1631 1468 p.
1654 1423 1758 1454 xxx
1788 1407 1893 1455 ‘non
1918 1408 2137 1455 simulatio
2160 1408 2346 1463 consilii,
2378 1408 2459 1453 sed

326 1486 559 1531 consilium
591 1485 896 1546 significatur’,
928 1502 980 1530 ea
1010 1486 1128 1530 cadit
1157 1486 1204 1530 in
1234 1491 1485 1545 utrumque,
1518 1500 1706 1545 quorum
1743 1491 1899 1529 neuter
1930 1478 2124 1531 simulati
2164 1485 2339 1528 consilii
2371 1485 2461 1543 sig-

325 1562 623 1626 nificationem
654 1562 812 1615 habet3
852 1567 904 1605 ut
942 1563 979 1606 si
1016 1562 1128 1605 haec
1158 1562 1290 1605 unica
1320 1562 1388 1606 vis
1426 1568 1495 1606 est
1524 1563 1653 1605 istius
1686 1563 1914 1617 orationis,
1951 1561 2144 1604 dubitari
2180 1576 2269 1603 non
2301 1562 2459 1618 possit,

324 1637 432 1695 quin
463 1645 514 1681 ut
552 1652 699 1681 errore
737 1643 815 1681 aut
853 1651 991 1696 pravo
1031 1637 1216 1681 consilio
1257 1637 1475 1681 adiectum
1518 1636 1752 1696 utrobique
1784 1651 1810 1680 a
1841 1637 2031 1681 Liviana
2062 1637 2261 1679 oratione
2294 1635 2458 1680 secludi

323 1718 542 1771 oporteat.
593 1712 648 1756 In
680 1727 769 1770 qua
800 1728 848 1756 re
879 1727 935 1755 ne
966 1727 1257 1771 praepropere
1289 1727 1488 1771 agamus,
1530 1719 1734 1756 accurate
1767 1712 2105 1771 disceptandum
2140 1719 2223 1766 est,
2255 1726 2368 1769 quae
2390 1712 2457 1754 vis

325 1794 371 1831 et
402 1788 620 1831 sententia
650 1788 886 1846 participio
925 1787 1059 1830 futuri
1093 1802 1147 1830 ex
1186 1787 1338 1831 addita
1367 1795 1418 1830 ut
1452 1788 1666 1846 particula
1697 1794 1934 1831 accrescat.
1996 1787 2114 1831 Nam
2147 1786 2269 1844 quod
2299 1787 2455 1830 Livius

324 1864 478 1907 scribit
510 1866 589 1918 21,
612 1865 690 1918 32,
716 1866 771 1906 10
805 1865 897 1906 luce
918 1865 1068 1918 prima
1109 1864 1239 1905 subiit
1279 1865 1483 1917 tumulos,
1525 1870 1576 1905 ut
1611 1879 1661 1906 ex
1697 1873 1842 1921 aperto
1879 1872 2006 1919 atque
2041 1865 2232 1905 interdiu
2267 1865 2352 1904 vim
2380 1877 2458 1919 per

321 1940 545 1996 angustias
562 1938 787 1994 facturus,
818 1939 917 1996 ipso
949 1946 1129 1984 auctore
1160 1938 1446 1996 intelligimus
1467 1938 1765 1983 Hannibalem
1792 1955 1882 1982 non
1915 1937 1961 1982 id
1983 1939 2144 1995 egisse,
2172 1936 2293 1994 quod
2316 1936 2455 1981 videri

323 2014 506 2060 volebat
537 2029 683 2074 agere,
716 2014 796 2059 sed
828 2015 1059 2059 simulasse
1087 2014 1288 2070 alterum,
1320 2015 1506 2059 alterum
1532 2020 1584 2058 ιιι
1609 2021 1976 2072 consequeretur3
2010 2014 2246 2071 multisque
2278 2013 2315 2057 is
2346 2028 2454 2056 usus

324 2091 537 2150 exemplis
569 2096 757 2135 constat.
820 2089 911 2136 Sed
943 2105 1057 2148 quae
1087 2090 1203 2135 idem
1235 2090 1392 2135 scribit
1424 2091 1498 2146 31,
1520 2091 1594 2146 42,
1617 2092 1643 2135 5

599 2166 742 2211 Aetoli
772 2168 881 2225 (iam
908 2168 1022 2211 enim
1052 2174 1093 2211 et
1119 2182 1229 2226 quae
1256 2182 1332 2226 per
1358 2181 1485 2225 aqros
1516 2181 1669 2225 sparsa
1696 2167 1921 2211 multitudo
1941 2165 2108 2221 fuerat,
2140 2174 2382 2226 receperant
2411 2181 2454 2209 se

594 2245 642 2286 in
671 2246 836 2300 eastra)
869 2248 920 2286 ut
950 2243 1166 2297 defensuri
1192 2245 1454 2287 munimenta
1487 2245 1600 2287 circa
1625 2251 1780 2301 portas
1815 2244 2063 2300 vallumque
2093 2250 2282 2286 armatos
2312 2243 2451 2300 dispo-

599 2326 721 2374 nunt,
754 2319 859 2362 dum
888 2320 1048 2378 quietos
1078 2319 1211 2363 hostes
1240 2320 1329 2377 ipsi
1346 2318 1511 2373 feroces
1539 2334 1590 2362 ea:
1622 2326 1709 2362 tuto
1739 2319 2000 2377 spectabant,

323 2392 370 2435 in
402 2393 455 2437 iis
490 2407 571 2437 nos
603 2394 768 2438 nullam
799 2394 1088 2438 simulationis
1121 2409 1301 2438 causam
1334 2395 1639 2452 agnoscimus3
1672 2395 1838 2452 quippe
1871 2394 2037 2449 Aetoli,
2069 2393 2278 2451 quamdiu
2309 2394 2450 2437 virtus

324 2481 477 2517 eorum
509 2469 774 2514 inconcussa
795 2476 877 2525 est,
908 2469 955 2513 id
986 2476 1138 2528 agunt,
1169 2477 1219 2514 ιιι
1240 2471 1510 2514 munimenta
1534 2469 1788 2525 defendant,
1819 2484 1972 2513 verum
1994 2476 2115 2513 metu
2138 2484 2237 2512 mox
2259 2469 2449 2527 perculsi

322 2544 534 2588 omittunt
565 2545 798 2589 consilium
829 2545 987 2588 initum
1019 2552 1064 2588 et
1095 2560 1184 2588 non
1216 2546 1521 2604 insequuntur.
1577 2545 1669 2591 Sed
1692 2550 1788 2589 esto
1821 2545 1907 2588 hoc
1938 2545 2210 2603 ambiguum:
2244 2544 2351 2602 quid
2382 2544 2451 2586 iu-

321 2618 521 2665 dicamus
554 2621 610 2665 de
642 2627 835 2679 cognata
865 2621 1084 2680 particula
1113 2630 1345 2680 tamquam,
1376 2637 1491 2679 quae
1522 2622 1596 2667 isti
1627 2621 1862 2680 participio
1894 2622 2044 2665 iuncta
2069 2628 2118 2664 ut
2149 2635 2282 2678 saepe
2314 2620 2451 2664 simu-

320 2695 499 2740 lationis
531 2696 846 2756 signifieandae
875 2711 1008 2741 causa
1038 2698 1233 2755 ponitur,
1264 2698 1327 2741 ita
1349 2712 1680 2756 nonnumquam
1706 2697 1816 2741 nihil
1848 2697 2041 2742 simulati
2068 2696 2236 2740 consilii
2267 2695 2450 2751 indicat,

317 2771 443 2815 velut
472 2772 518 2816 in
550 2771 621 2817 his
653 2787 765 2830 quae
797 2773 952 2817 scribit
981 2772 1150 2817 Livius.
1172 2774 1245 2828 21,
1269 2774 1341 2828 61,
1367 2776 1388 2817 1

595 2848 864 2907 Priusquam
893 2856 1008 2892 certa
1039 2849 1169 2892 huius
1197 2850 1334 2892 cladis
1353 2848 1483 2904 fama
1516 2850 1741 2903 accideret,
1780 2857 2062 2907 transyressus
2097 2847 2303 2891 Hiberum
2331 2847 2451 2891 Has-

594 2924 754 2967 drubal
789 2939 886 2968 cum
922 2932 1011 2968 octo
1047 2924 1220 2968 milibus
1249 2926 1464 2982 peditum,
1506 2926 1623 2968 mille
1658 2926 1865 2982 equitum,
1904 2930 2128 2980 tamquam
2165 2924 2227 2965 ad
2255 2923 2451 2981 primum

593 3000 824 3044 adventum
847 2999 1138 3045 Romanorum
1170 3015 1438 3055 occursurus,
1464 3009 1696 3060 postquam
1721 3000 1913 3058 perditas
1942 3014 2009 3042 res
2038 2999 2101 3043 ad
2135 2997 2289 3044 Cissim
2319 3000 2451 3042 amis-

594 3090 728 3135 saque
757 3083 897 3120 eastra
926 3077 1101 3135 accepit,
1133 3077 1214 3120 iter
1244 3077 1306 3121 ad
1335 3091 1455 3121 mare
1487 3078 1689 3121 convertit

317 3155 364 3194 et
396 3151 470 3207 37,
493 3152 566 3207 23,
588 3152 615 3194 6

601 3226 790 3287 Utraque
835 3228 985 3272 classis
1022 3235 1191 3287 postero
1241 3230 1309 3273 die
1357 3230 1447 3273 luce
1487 3230 1655 3288 prima,
1709 3234 1933 3284 tamquam
1980 3242 2025 3271 eo
2073 3228 2141 3271 die
2181 3234 2449 3286 puqnatura,

591 3317 614 3346 e
638 3310 770 3362 portu
812 3305 960 3360 movit,
1008 3311 1050 3347 et
1081 3299 1310 3364 postquam
1351 3318 1602 3363 superavere
1639 3303 1799 3347 Rhodii
1827 3306 2196 3362 promuntorium,
2244 3304 2358 3362 quod
2395 3303 2452 3345 ab
