2920 3859
1344 251 1403 298 11

310 387 453 440 betur,
493 390 571 428 aut
607 384 654 428 in
694 385 843 442 priore
880 399 1047 442 ponere
1085 384 1207 442 quod
1245 385 1400 430 maluit
1438 384 1674 443 posteriori
1714 385 1830 442 parti
1867 385 2117 444 adiungere.
2181 385 2440 444 Madvigius

310 467 460 505 autem
487 458 644 504 eodem
671 475 806 504 sensu
833 460 1023 504 ducente
1060 476 1117 504 ne
1148 476 1201 504 ea
1226 460 1403 519 quidem
1433 460 1616 504 ferenda
1640 461 1827 516 censuit,
1860 476 1972 518 quae
1995 462 2067 518 23,
2085 463 2159 517 37,
2176 463 2203 505 2
2231 462 2443 519 leguntur
2477 520 2479 523 ι

585 535 803 579 Adverm
835 536 1021 594 liyneam
1049 537 1258 595 inqentem
1286 537 1506 580 admotam
1531 536 1633 579 urbi
1661 537 1795 580 aliam
1828 544 1986 580 turrem
2015 553 2066 581 ea:
2095 540 2187 597 ipso
2215 552 2338 581 muro
2369 552 2442 581 ez·—

588 612 738 656 ‹n’tavt't
763 613 914 656 consul
944 612 1180 668 Romanus,

310 688 392 733 sed
412 688 517 745 quia
534 684 710 731 ‘nomen
731 688 979 731 necessario
997 702 1097 732 cum
1119 688 1421 747 superioribus
1443 688 1674 732 adiectivis
1690 689 2046 748 coniungendum
2067 688 2214 735 fuerit'
2229 689 2437 747 (Emend-

313 763 414 809 Liv.
432 779 475 821 p.
491 763 600 822 326)
620 764 896 822 transposuit
917 763 1071 819 verba,
1099 765 1303 808 adversus
1325 766 1510 823 ligneam
1535 765 1753 808 admotam
1774 766 1873 808 urbi
1894 774 2052 809 turrem
2072 767 2210 809 aliam
2228 768 2440 810 excitavit.

314 838 444 894 Quae
476 855 744 897 quamquam
774 840 1015 898 improbari
1045 840 1188 884 oratio
1223 841 1427 884 nimirum
1459 856 1548 884 non
1579 847 1744 898 potest,
1775 848 1923 884 tamen
1955 849 2164 886 renuente
2193 842 2326 886 Livio
2359 858 2441 900 pro

313 930 421 959 vera
450 920 529 958 aut
558 916 808 960 necessaria
838 916 1054 959 venditari
1084 932 1175 959 non
1205 916 1370 960 debuit.

519 989 608 1036 His
639 997 786 1036 autem
818 1006 932 1048 quae
957 991 1163 1047 diximus,
1195 997 1246 1035 ut
1275 992 1363 1036 iam
1394 991 1625 1036 redeamus
1657 991 1774 1035 unde
1807 993 1896 1036 orsi
1928 1008 2093 1047 sumus,
2125 993 2331 1050 quoniam
2363 1008 2443 1051 ap-

315 1073 455 1125 paret,
487 1066 621 1111 scribi
651 1067 853 1124 potuisse
886 1067 1007 1123 quod
1037 1067 1294 1124 Madvigius
1325 1068 1475 1121 iussit,
1505 1083 1583 1111 suo
1614 1068 1816 1125 abrogato
1850 1069 2061 1126 triumpho
2093 1069 2253 1111 alienos
2282 1076 2444 1126 epecta-

316 1142 441 1196 hunt,
477 1141 678 1198 potuisse
710 1141 863 1196 etiam,
888 1141 1022 1198 ,quod
1059 1158 1200 1199 paene
1231 1142 1386 1186 mirere
1419 1142 1698 1200 Madvigium
1729 1143 1901 1199 largiri,
1942 1159 2017 1186 suo
2047 1144 2249 1201 abrogato
2280 1145 2443 1186 alienos

316 1217 553 1274 triumphos
582 1217 840 1275 spectabunt,
872 1216 982 1262 illud
1014 1225 1216 1276 superest
1245 1225 1296 1262 ut
1321 1225 1573 1275 quaeratur,
1603 1218 1837 1275 probat-ine
1864 1220 2062 1275 potuerit
2087 1219 2221 1262 etiam
2250 1219 2296 1261 id
2323 1218 2444 1274 quod

316 1307 374 1336 ex
394 1291 561 1336 codicis
580 1292 792 1337 memoria
812 1292 978 1350 prodiit
997 1291 1073 1337 aab
1093 1293 1295 1350 abroqato
1319 1293 1552 1350 triumphos
1578 1293 1741 1336 alienos
1761 1293 2019 1350 spectabunt.
2070 1292 2204 1348 Quod
2231 1309 2314 1336 nos
2343 1309 2443 1336 cum

317 1366 625 1411 affirmandum
653 1382 750 1412 esse
778 1366 995 1424 ducimus,
1027 1383 1116 1412 non
1143 1375 1318 1412 utemur
1337 1367 1648 1427 Aristophanis
1676 1383 1807 1412 versu
1833 1368 1888 1412 de
1910 1368 2149 1426 Equitibus
2181 1369 2336 1426 (816),
2367 1368 2445 1425 qui

317 1442 478 1487 eodem
517 1442 668 1488 ordine
708 1443 860 1488 scribit
899 1441 1053 1499 α’φελαὶν
1090 1443 1198 1488 οὐδὲν
1227 1447 1303 1488 τῶν
1332 1440 1506 1499 ἀρχαίων
1537 1442 1660 1499 ἰχθῦς
1698 1442 1844 1496 natvm),-
1876 1444 2115 1501 παρέθηκεν,
2153 1460 2254 1489 cum
2294 1451 2447 1501 posset

317 1513 464 1570 καινοῦς
495 1516 635 1573 ἰχθῦς,
672 1518 751 1563 sed
793 1535 847 1562 ex
877 1519 1009 1563 Livio
1049 1520 1148 1577 ipso
1179 1526 1380 1578 petemus
1411 1534 1500 1576 quo
1540 1519 1668 1563 nobis
1699 1520 1876 1563 vincere
1916 1535 2048 1578 posse
2089 1519 2209 1577 quod
2245 1519 2447 1563 volumus

318 1593 532 1638 videmur.
594 1595 711 1639 Nam
743 1611 857 1652 quae
888 1595 932 1638 in
965 1595 1121 1640 eodem
1151 1596 1264 1640 libro
1296 1611 1334 1639 c·
1357 1596 1431 1650 43,
1453 1596 1480 1638 3
1513 1595 1747 1659 leguntur.

593 1671 748 1729 Itaque
777 1673 888 1716 sicut
918 1671 1219 1730 praefulgebat
1248 1673 1346 1715 huic
1379 1672 1620 1729 triumphus
1649 1687 1815 1726 recem,
1846 1674 1908 1715 ita
1940 1672 2178 1730 apparebat
2203 1673 2345 1729 ipemn
2366 1687 2448 1729 per

596 1763 637 1791 ee
665 1748 927 1791 intuentibus
957 1763 1232 1807 nequaquam
1263 1763 1349 1791 esse
1378 1748 1738 1801 contemnendum,

321 1822 484 1866 nemini
515 1821 674 1867 vitiosa
705 1839 803 1867 esse
834 1823 930 1868 visa
960 1831 1086 1878 sunt,
1126 1830 1170 1868 et
1200 1831 1347 1867 tamen
1379 1823 1454 1866 illa
1485 1823 1561 1879 qui
1593 1822 1875 1876 damnarunt,
1918 1838 1996 1866 eur
2031 1839 2121 1866 non
2157 1823 2308 1866 iubent
2341 1823 2449 1865 scri-

322 1898 427 1942 bere
451 1897 753 1956 praefulyebat
776 1900 873 1942 huic
903 1900 1113 1956 triumpho
1139 1915 1303 1953 recem,
1335 1906 1413 1942 aut
1443 1898 1596 1942 ordine
1627 1898 1803 1955 quidem
1835 1905 2003 1941 mutato
2028 1899 2326 1956 praefulqebat
2350 1899 2449 1940 huic

322 1987 464 2016 recens
497 1973 762 2031 triumphus?
822 1973 924 2017 Nec
954 1974 1141 2017 multum
1174 1974 1324 2032 dispar
1355 1981 1439 2028 est,
1471 1973 1593 2030 quod
1623 1988 1741 2016 nunc
1774 1973 1917 2016 editur
1948 1975 2022 2027 44,
2044 1976 2087 2028 9,
2109 1975 2135 2017 8

602 2048 718 2092 Huic
752 2050 912 2092 testudo
943 2050 1095 2092 similis
1127 2050 1393 2093 humillimae
1416 2050 1543 2107 parti
1570 2050 1689 2091 muri
1696 2092 1699 2094 ,
1716 2049 1902 2092 admota.

322 2122 440 2165 Cum
479 2124 594 2166 enim
633 2123 776 2166 codex
814 2124 1019 2167 exhibeat
1055 2125 1154 2167 kuic
1187 2126 1347 2168 testudo
1378 2125 1590 2167 simillime
1613 2125 1749 2181 parti,
1791 2122 2026 2180 Grynaeus
2064 2129 2210 2166 autem
2242 2124 2339 2165 huic
2374 2131 2449 2164 tee-

326 2199 473 2242 tudini
499 2200 718 2243 simillima
750 2199 955 2254 effecerit,
992 2199 1250 2257 Madvigius
1281 2200 1377 2257 ipse
1408 2207 1647 2257 praeeunte
1677 2199 1940 2258 Kreyssigio
1977 2199 2076 2242 huic
2110 2199 2269 2241 testudo
2300 2199 2451 2241 similis

323 2274 590 2318 humillime
612 2291 664 2332 p.
696 2275 888 2319 restituit
920 2274 1132 2332 (Emend.
1154 2275 1254 2319 Liv.
1276 2291 1319 2333 p.
1341 2276 1463 2332 684).
1527 2274 1744 2319 Addimus
1775 2275 1908 2318 tertio
1940 2274 2039 2318 loco
2072 2274 2144 2329 21,
2168 2275 2240 2328 26,
2263 2274 2289 2317 3

563 2405 565 2407 r
604 2353 863 2410 (praetorem
893 2368 990 2395 cum
1020 2368 1109 2395 una
1142 2353 1300 2411 leqione
1331 2385 1341 2395 .
1366 2384 1376 2394 .
1401 2386 1411 2395 .
1443 2353 1660 2396 auxilium
1677 2353 1802 2407 ferre
1833 2352 1997 2409 iubent)
2032 2384 2043 2394 .
2067 2384 2076 2393 .
2101 2384 2111 2394 .
2169 2350 2229 2393 Et
2258 2350 2312 2393 P.
2349 2349 2452 2394 Cor-

602 2430 739 2472 nelius
776 2430 825 2471 in
850 2429 1000 2471 locum
1037 2430 1126 2471 eius
1164 2444 1273 2486 quae
1308 2431 1438 2471 missa
1469 2444 1566 2471 cum
1589 2436 1788 2485 praetore
1824 2436 1919 2470 erat
1947 2429 2106 2485 scripta
2147 2428 2305 2484 leqione
2342 2441 2452 2468 nova

595 2504 826 2562 prosectu&

329 2579 448 2623 Nam
486 2579 548 2623 ibi
587 2595 764 2636 quoque
802 2579 954 2624 eadem
995 2581 1108 2622 ratio
1148 2579 1330 2623 suadere
1368 2584 1541 2635 poterat
1577 2585 1628 2621 ut
1659 2578 1921 2621 scriberetur
1957 2579 2005 2618 in
2046 2578 2183 2619 locum
2221 2578 2312 2618 eius
2342 2590 2455 2633 quae

328 2655 458 2697 mieea
496 2662 591 2697 erat
627 2669 735 2698 nova
775 2656 933 2712 scripta
974 2656 1156 2713 leyione,
1199 2654 1279 2698 sed
1318 2653 1515 2696 videmus
1554 2653 1732 2696 Livium
1779 2652 1960 2695 alteram
2011 2652 2231 2708 praeferre
2280 2651 2454 2704 seriem,

328 2744 598 2787 quamquam
625 2730 755 2774 etiam
782 2730 926 2775 omitti
951 2746 1123 2775 nomen*
1141 2734 1330 2788 poterat,
1358 2728 1478 2787 quod
1503 2734 1804 2786 praecesserat
1836 2729 1905 2784 (in
1927 2728 2063 2771 locum
2084 2728 2172 2770 eius
2192 2740 2303 2784 quae
2322 2727 2453 2770 micea

328 2814 426 2851 erat
454 2807 615 2864 scripta
646 2806 776 2863 noca)
815 2812 893 2850 aut
928 2807 974 2850 in
1010 2807 1156 2863 priore
1191 2811 1318 2863 parte
1356 2804 1567 2848 orationis
1604 2804 1710 2860 poni
1750 2805 1817 2859 (in
1850 2804 1986 2846 locum
2017 2804 2107 2846 eius
2139 2804 2314 2860 leqiom'e
2345 2817 2459 2860 quae

331 2884 462 2926 missa
493 2888 587 2925 erat
616 2883 776 2939 scripta
808 2882 954 2940 nova).
1018 2879 1109 2926 Sed
1147 2881 1233 2925 hoc
1269 2879 1368 2923 loco
1406 2878 1481 2936 qui
1511 2878 1665 2922 maluit
1702 2876 1822 2935 quod
1857 2877 2070 2923 librorum
2107 2876 2218 2922 fides
2249 2884 2458 2933 testatur,

331 2958 432 3002 cine
469 2957 609 3002 altero
640 2956 842 3001 videmur
877 2957 1036 3002 iniuria
1072 2957 1185 3002 velle
1224 2955 1423 3010 demere,
1462 2953 1582 3011 quod
1621 2952 1761 2998 codex
1803 2952 2097 3008 demonstrat,
2138 2969 2215 2998 cuo
2253 2953 2459 3012 abroqato

333 3033 570 3092 triumphos
599 3034 758 3081 alienos
791 3032 1065 3092 spectabunt?
1115 3033 1178 3077 Et
1216 3047 1271 3076 ne
1300 3029 1559 3089 Madvigius
1596 3029 1776 3087 quidem
1814 3029 1909 3087 ipse
1949 3044 2124 3087 semper
2160 3029 2280 3074 idem
2320 3030 2462 3075 sensit

332 3109 391 3153 de
422 3110 509 3153 ista
535 3108 827 3153 collocatione
855 3109 1096 3164 nominum,
1129 3108 1206 3166 qui
1236 3121 1326 3151 non
1357 3106 1499 3150 solum
1533 3120 1585 3148 ea
1614 3104 1775 3162 quibus
1808 3119 1943 3163 supra
1969 3104 2136 3148 utimur
2164 3105 2366 3164 exempla
2385 3105 2465 3150 Li-

334 3186 467 3229 viana
495 3185 756 3243 intemptata
786 3184 1009 3241 relinquit,
1041 3184 1120 3229 sed
1156 3182 1275 3241 apud
1304 3181 1519 3228 Senecam
1550 3180 1744 3224 restituit
1773 3180 1905 3235 ultro,
1946 3179 2069 3237 quod
2100 3196 2156 3224 ex
2186 3180 2263 3225 illa
2292 3181 2462 3225 ratione

331 3259 544 3305 damnare
581 3260 730 3319 potius
771 3258 973 3304 debebat.
1040 3259 1094 3302 In
1131 3257 1435 3310 ,consolatione
1480 3257 1595 3300 enim
1639 3255 1697 3299 ad
1736 3255 1970 3313 Polybium
2011 3270 2051 3299 c.
2083 3257 2161 3311 10,
2189 3257 2217 3299 4
2259 3255 2369 3300 haec
2407 3271 2463 3300 ex

333 3335 558 3395 Madvigii
588 3334 896 3380 emendatione
928 3334 1129 3379 eduntur.

2122 3407 2189 3457 2.
