2920 3859
673 1109 796 1171 VN
796 1109 890 1172 IV
890 1109 1334 1175 ERSITATIS
1374 1111 1962 1174 LITTERARIAE

909 1274 1309 1326 FRmEfflcAE
1348 1274 1729 1327 GVILELMAE

496 1436 1106 1525 RECTOR
1186 1440 1369 1526 ΕΤ
1444 1438 2147 1526 SENATVS.

256 1686 591 1780 Enumeratio
618 1734 858 1777 lectionum
886 1734 1252 1789 academicarum,
1281 1751 1393 1792 quas
1420 1735 1654 1778 indicimus
1681 1735 2144 1792 commilitonibusque
2173 1750 2395 1777 commen-

261 1810 433 1865 damus,
459 1814 510 1852 ut
531 1823 655 1853 suam
676 1809 841 1852 habeat
862 1809 1181 1866 praefationem
1201 1810 1476 1865 litterariam,
1503 1810 1836 1855 observationes
1859 1811 2075 1854 sermonis
2096 1812 2269 1856 Liviani
2290 1827 2393 1869 pro-

260 1885 488 1945 ponimus,
523 1899 689 1944 paucas
722 1890 768 1928 et
799 1885 1004 1943 exiguas,
1042 1885 1123 1929 sed
1154 1901 1267 1945 quae
1298 1891 1448 1930 tamen
1480 1884 1689 1947 exemplo
1718 1900 1815 1931 esse
1848 1886 2043 1944 possint,
2078 1901 2264 1945 magnae
2302 1901 2394 1930 rem

258 1962 479 2006 cautionis
511 1976 610 2005 esse
641 1966 839 2005 veterum
870 1962 1132 2018 scriptorum
1167 1961 1639 2016 emendationem‚'.ne‚
1657 1963 1762 2011 dum
1788 1979 1926 2022 prava
1953 1963 2174 2021 corrigere
2205 1963 2396 2006 institui·

260 2054 374 2093 mus,
407 2038 698 2096 depravemus
724 2038 841 2080 ultro
871 2052 981 2093 quae
1012 2043 1132 2081 recte
1161 2039 1329 2095 scripta
1356 2044 1472 2082 sunt.
1526 2038 1921 2097 Nam-‚id-,quidem
1947 2038 2075 2082 facile
2104 2045 2187 2092 est,
2219 2039 2256 2082 si
2285 2037 2394 2095 quid

261 2113 383 2171 quod
415 2113 605 2156 alienum
635 2112 810 2155 videtur
841 2128 867 2155 a
899 2113 1119 2156 communi
1150 2128 1271 2156 more
1304 2114 1520 2157 sermonis
1553 2121 1631 2157 aut
1668 2116 1722 2159 ab
1762 2115 1991 2172 explorata
2029 2114 2258 2170 scriptoris
2291 2129 2395 2157 con-

262 2189 498 2233 suetudine
532 2188 722 2232 discedit
753 2189 1046 2246 suspicionem
1076 2189 1171 2231 vitii
1201 2195 1364 2242 movet,
1398 2189 1543 2233 dicere
1574 2190 1683 2246 quid
1715 2199 1835 2233 recte
1868 2190 2003 2234 scribi
2033 2191 2243 2247 potuerit,
2276 2190 2396 2246 quod

261 2280 405 2322 genus
437 2265 618 2308 inventa
644 2265 784 2308 multa
809 2280 1069 2321 magnorum
1102 2264 1353 2307 criticorum
1382 2266 1531 2322 specie
1562 2266 1760 2322 legentes
1793 2266 2031 2323 decipiunt,
2063 2265 2144 2308 sed
2174 2281 2231 2308 ne
2263 2281 2395 2308 sensu

263 2354 398 2398 saepe
437 2338 585 2383 fallaci
620 2339 901 2395 inducamur,
940 2339 1082 2397 magis
1119 2338 1227 2383 illud
1266 2340 1566 2396 quaerendum
1607 2346 1696 2395 est,
1737 2356 1816 2384 cur
1854 2347 1973 2384 recte
2014 2339 2145 2385 scribi
2187 2355 2275 2385 non
2314 2356 2395 2398 po-

262 2417 415 2472 tuerit,
446 2416 569 2473 quod
598 2415 688 2461 fide
714 2416 948 2460 vetustatis
977 2421 1271 2474 propagatum
1302 2422 1383 2460 est.
1436 2415 1493 2459 Id
1520 2422 1668 2461 autem
1696 2418 1771 2473 qui
1799 2416 2136 2474 argumentandi
2164 2417 2206 2458 vi
2239 2416 2393 2460 sedulo

261 2492 570 2537 demonstrare
601 2492 876 2551 aggreditur,
914 2507 1003 2535 non
1035 2497 1185 2549 potest
1214 2507 1303 2535 non
1335 2492 1496 2536 multas
1528 2498 1571 2535 et
1601 2492 1791 2536 minutas
1822 2508 1893 2536 res
1926 2508 2116 2550 operosa
2152 2507 2286 2549 saepe
2317 2493 2397 2536 ob·

262 2569 514 2613 servatione
545 2569 772 2627 persequi,
810 2575 861 2611 ut
891 2574 935 2612 et
965 2567 1072 2624 quid
1103 2567 1236 2612 tribui
1267 2568 1473 2626 scriptori
1503 2573 1624 2612 recte
1657 2568 1801 2625 possit
1833 2576 1878 2611 et
1909 2567 2016 2625 quid
2047 2567 2102 2612 ab
2135 2583 2188 2610 eo
2221 2567 2395 2612 abiudi-

263 2645 354 2688 cari
395 2650 619 2703 oporteat,
660 2643 805 2689 stabili
843 2642 1007 2688 iudicio
1047 2643 1160 2687 sciat
1196 2642 1479 2701 distinguere.
1546 2642 1648 2699 Qua
1684 2642 1728 2686 in
1769 2658 1816 2686 re
1858 2659 1948 2687 non
1988 2659 2088 2688 raro
2126 2650 2339 2701 peccatur
2370 2659 2397 2688 a

266 2720 521 2765 criticorum
541 2720 713 2779 pueris,
746 2721 822 2777 qui
850 2720 942 2764 suis
970 2718 1162 2763 decretis
1183 2719 1366 2763 definire
1388 2719 1500 2763 velle
1528 2717 1719 2763 animum
1748 2718 1980 2773 inducunt,
2011 2734 2125 2776 quae
2157 2719 2240 2762 nisi
2272 2719 2398 2764 labo-

266 2796 386 2841 riosa
407 2797 479 2841 via
499 2796 726 2841 scrutandi
749 2796 851 2840 sciri
874 2802 919 2840 et
940 2796 1149 2854 cognosci
1171 2811 1260 2840 non
1280 2801 1483 2854 possunt.
1528 2793 1825 2851 Quamobrem
1847 2810 1929 2839 nos
1953 2794 2082 2839 etiam
2106 2801 2240 2853 atque
2264 2796 2398 2841 etiam

264 2879 470 2917 auctores
510 2888 661 2916 sumus
702 2872 912 2916 studiosis
950 2872 1183 2916 iuvenibus
1224 2872 1383 2928 quibus
1422 2871 1502 2914 hae
1533 2871 1707 2913 litterae
1740 2870 1862 2913 cordi
1896 2877 2020 2924 sunt,
2057 2877 2108 2914 ut
2138 2872 2399 2929 priusquam

265 2948 501 2993 emendare
534 2949 771 3007 scriptores
798 2954 972 2991 veteres
1004 2948 1231 3006 incipiant,
1261 2947 1480 2991 indefessa
1510 2947 1697 2989 lectione
1728 2947 1965 3004 subtilique
1996 2946 2265 3000 observandi
2294 2964 2403 2992 cura

266 3040 420 3068 eorum
452 3040 699 3069 sermonem
730 3025 906 3083 penitus
938 3039 1208 3082 cognoscere
1239 3023 1468 3077 studeant,
1507 3022 1543 3065 si
1574 3022 1683 3079 quid
1721 3030 1868 3065 autem
1907 3022 2147 3079 aliquando
2180 3024 2401 3081 probabili

266 3099 524 3156 opinatione
565 3100 796 3144 restituere
835 3115 969 3158 posse
1012 3100 1095 3143 sibi
1127 3100 1354 3153 videntur,
1390 3098 1436 3141 id
1467 3114 1522 3141 ne
1555 3099 1762 3142 omittant
1793 3097 1852 3141 ad
1882 3098 2137 3142 universum
2170 3101 2401 3158 scriptoris

269 3190 398 3219 usum
431 3183 476 3220 et
512 3181 714 3228 naturam
744 3176 919 3220 referre.
984 3175 1076 3220 Sed
1108 3191 1190 3220 nos
1221 3175 1278 3219 de
1307 3175 1503 3233 parvulis
1535 3173 1799 3230 quibusdam
1832 3175 2168 3230 quaestionibus
2199 3175 2403 3220 Livianis

266 3251 455 3309 agimus.
1144 3256 1148 3258 ’

2067 3326 2126 3375 1.
