2920 3859
1487 196 1517 258 ,8

705 331 814 376 Sida
845 333 1062 391 prominet
1098 332 1144 372 in
1181 330 1340 384 altum,
1382 330 1586 389 extemplo
1627 337 1668 373 et
1704 331 1914 388 compecti
1950 329 2006 372 ab
2048 329 2233 374 hostibm
2271 336 2372 374 eunt
2409 337 2450 373 et
2485 330 2574 389 ipsi

705 423 772 451 eos
803 409 1013 451 viderunt.

428 483 551 538 Quid
587 484 702 527 enim
734 484 780 526 in
814 483 884 527 his
917 481 1210 527 simulationis
1245 480 1342 524 est?
1381 481 1536 525 Voluit
1568 480 1688 525 haud
1721 481 1853 526 dubie
1884 474 2141 525 Hasdrubal
2173 495 2436 533 concurrere
2467 495 2569 525 cum

426 555 642 603 Romanis
672 575 815 616 eoque
845 557 1030 602 consilio
1054 557 1270 601 Hiberum
1298 565 1602 614 transgressus
1618 562 1718 617 ¹est;
1751 556 1830 600 sed
1858 557 2087 615 inopinato
2113 556 2489 601 intercedentibus
2516 556 2571 600 iis

427 652 539 691 quae
571 636 729 679 Livius
762 634 870 677 dicit
902 633 1133 677 consilium
1166 633 1343 676 abiecit.
1406 633 1513 675 Non
1546 633 1690 677 minus
1730 640 1774 675 et
1804 632 2017 676 Romanis
2058 638 2103 675 et
2141 632 2346 677 hostibus
2383 647 2570 692 congre*

425 709 572 753 diendi
594 711 736 754 classe
758 709 964 752 voluntas
987 708 1246 760 constabat3
1279 708 1365 751 nisi
1389 706 1510 764 quod
1531 708 1746 752 incertum
1770 714 1886 762 erat,
1919 707 2222 752 confecturine
2244 714 2395 752 essent
2416 723 2470 752 eo
2493 706 2566 765 die

426 786 547 842 quod
579 786 810 842 parabant.
867 784 1042 840 Quodsi
1073 790 1219 828 tamen
1253 800 1349 827 eam
1381 784 1646 841 particulam
1677 784 1778 827 loco
1809 784 1996 828 deiicere
2028 800 2118 828 non
2157 784 2284 838 licet,
2322 798 2465 840 neque
2503 783 2569 842 ita

424 860 554 904 facile
588 861 782 904 amoveri
823 865 994 918 potest,
1032 875 1112 903 cur
1142 867 1193 902 ut
1221 859 1499 903 intolerabile
1532 858 1723 904 habetur
1762 859 1808 903 in
1841 859 2058 903 consimili
2090 859 2310 914 oratione,
2348 874 2462 917 quae
2494 873 2569 916 ve-

425 951 523 978 rum
546 934 724 992 quidem
759 935 992 980 consilium
1027 934 1211 993 aperiat,
1244 933 1325 978 sed
1353 933 1602 988 consilium,
1635 933 1754 990 quod
1784 934 2102 995 quiqceperunt
2124 949 2213 979 non
2245 934 2307 978 ita
2336 940 2387 978 ut
2417 933 2569 978 volue-

425 1018 530 1055 runt
561 1012 759 1056 exsecuti
792 1018 908 1056 sunt.
972 1011 1090 1054 Nam
1123 1026 1150 1053 a
1182 1010 1313 1054 Delio
1345 1009 1572 1053 Romanos
1604 1025 1695 1054 non
1726 1010 2025 1055 transmisisse
2061 1011 2107 1054 in
2137 1010 2370 1055 Euboeam
2402 1010 2567 1054 indicio

424 1094 531 1132 sunt
554 1103 667 1145 quae
690 1088 900 1146 deinceps
926 1087 1085 1131 Livius
1112 1087 1329 1140 narravit;
1361 1101 1509 1143 neque
1528 1086 1765 1131 Lucretius
1796 1092 1976 1145 praetor
2006 1087 2192 1145 remita
2221 1087 2369 1145 plane,
2401 1093 2452 1131 ut
2484 1087 2566 1132 sibi

423 1172 722 1222 proposuerat
762 1180 861 1207 cum
903 1163 1046 1206 scalas
1084 1179 1165 1220 per
1202 1162 1451 1220 manipulos
1490 1162 1629 1206 dividi
1666 1162 1859 1217 iuberet,
1899 1163 2098 1220 perfecit.
2162 1162 2242 1207 Sic
2279 1163 2395 1221 enim
2432 1162 2569 1206 tradit

424 1240 584 1283 Livius
618 1241 689 1298 (6)
721 1239 820 1297 Ipse
851 1239 906 1282 ab
936 1255 984 1282 ea
1009 1247 1140 1297 parte
1170 1255 1259 1297 qua
1291 1239 1401 1282 duae
1434 1246 1570 1282 turres
1600 1239 1797 1297 quodque
1833 1240 1946 1282 inter
1975 1255 2047 1282 eae
2078 1240 2197 1282 muri
2218 1237 2381 1295 suerat
2400 1271 2411 1282 .
2437 1272 2446 1282 .
2481 1240 2566 1282 dwo

423 1317 545 1358 mil-ia
586 1317 771 1359 militum
809 1316 1061 1358 delectorum
1098 1316 1304 1368 admovit,
1347 1323 1396 1357 ut
1432 1316 1573 1357 eodem
1612 1323 1812 1372 tempore,
1851 1330 1935 1373 quo
1965 1316 2055 1373 ipse
2087 1316 2382 1358 transcendere
2412 1316 2566 1370 ruinas

420 1400 663 1454 conaretur,
696 1407 906 1434 concursu
937 1391 1139 1434 adversus
1170 1406 1211 1447 sc
1242 1392 1560 1449 oppidanorum
1580 1391 1717 1445 facto,
1754 1391 1883 1434 scalis
1913 1407 2051 1434 vacua
2084 1390 2370 1445 defhneoribua
2400 1391 2566 1435 moenia

422 1470 527 1525 capi
552 1476 677 1525 parte
707 1468 857 1526 aliqua
882 1475 1079 1525 possen&
1120 1465 1255 1524 idque
1296 1467 1359 1509 ita
1396 1466 1562 1511 factum
1601 1473 1670 1510 est
1702 1467 1785 1524 (9).
1853 1465 2028 1523 Quibus
2059 1466 2185 1522 locis,
2225 1467 2265 1510 si
2295 1472 2416 1510 recte
2448 1465 2568 1510 Livii

424 1550 616 1585 mentem
649 1544 919 1600 accepimus,
951 1550 1138 1600 apparet
1165 1558 1254 1584 non
1288 1542 1382 1584 sine
1413 1558 1548 1585 causa
1579 1552 1627 1584 ut
1656 1542 1917 1599 particulam
1951 1542 2148 1585 additam
2184 1558 2282 1585 esse
2325 1557 2464 1599 eaque
2492 1542 2568 1585 de-

422 1620 515 1662 leta
549 1620 644 1662 fieri
677 1635 765 1662 000
799 1634 930 1676 posse
970 1619 1075 1675 quin
1115 1619 1264 1674 aliqua
1295 1624 1420 1676 parte
1453 1618 1681 1676 scriptoris
1710 1619 1941 1662 consilium
1979 1618 2252 1662 obscuretur.
2306 1618 2464 1675 Itaque
2497 1633 2566 1662 re-

423 1694 653 1737 tinendam
693 1710 791 1738 esse
823 1695 1060 1752 utrobique
1104 1710 1199 1737 eam
1231 1709 1385 1737 vocem
1419 1708 1676 1749 censemus,
1718 1709 1850 1752 quam
1883 1694 2143 1752 praesertim
2180 1709 2262 1738 000
2302 1694 2566 1752 interpreta-

424 1772 562 1814 menti
596 1771 696 1814 1000
730 1770 950 1813 adiectam
982 1786 1126 1827 neque
1162 1771 1230 1813 bis
1262 1777 1386 1813 terve
1419 1769 1574 1813 eodem
1609 1785 1755 1813 errore
1790 1779 1931 1814 ortam
1963 1785 2061 1814 esse
2094 1769 2302 1813 credibile
2335 1770 2406 1813 sit.

632 1860 700 1889 111.
765 1846 818 1889 ln
848 1847 1045 1889 oratione
1075 1862 1206 1903 quam
1235 1846 1390 1890 habuit
1417 1846 1472 1889 de
1494 1846 1673 1889 Aemilii
1698 1846 1827 1889 Pauli
1853 1845 2077 1905 triumpho
2101 1845 2320 1891 Servilius
2345 1847 2419 1901 45,
2443 1846 2516 1901 39,
2539 1846 2568 1888 4

423 1923 510 1965 hoc
543 1924 641 1966 loco
674 1923 827 1965 utitur.
2564 1975 2570 1980 ⁴

700 1998 762 2040 Ec
792 1999 971 2055 leyiones
1001 2013 1051 2040 ea:
1082 1997 1261 2056 Illyrico
1295 1999 1516 2041 laureatae
1552 1999 1695 2041 urbem
1725 1998 1895 2041 inibunt
1923 2007 1964 2041 et
1993 1998 2169 2041 navales
2201 1999 2322 2049 socii}
2366 1998 2565 2041 Macedo-

699 2077 820 2116 nicae
854 2076 1032 2132 leqionee
1063 2088 1139 2116 suo
1171 2075 1374 2133 abroqato
1409 2076 1643 2133 triumphos
1673 2076 1835 2118 alienos
1866 2075 2143 2134 spectabunt?¹

422 2150 499 2195 Sic
533 2151 643 2194 haec
668 2150 904 2208 Grynaeus
939 2149 1137 2193 ediderat
1169 2150 1342 2193 sublata
1374 2152 1563 2208 parvula
1594 2151 1695 2195 labe
1723 2166 1856 2208 quam
1884 2150 2027 2194 codex
2055 2156 2350 2204 contraxerat,
2383 2150 2459 2207 qui
2491 2164 2568 2192 ex-

423 2226 548 2270 hibet
588 2226 642 2269 ab
682 2226 770 2269 illis
803 2227 877 2268 vix
918 2225 1128 2270 distantia
1167 2226 1348 2284 abroqat
1378 2233 1428 2268 ut
1456 2240 1634 2285 numpos
1665 2227 1837 2269 alienos.
1899 2225 1970 2268 Ea
2008 2231 2106 2268 rata
2144 2224 2396 2270 habuerunt
2428 2225 2565 2268 ceteri

423 2304 618 2346 editores
646 2318 820 2344 omnes:
854 2303 1022 2360 primus
1043 2302 1303 2360 Madvigius
1336 2302 1532 2346 instabat
1552 2303 1766 2346 mendosa
1793 2317 1907 2357 esse,
1940 2308 1985 2344 et
2005 2302 2136 2345 Livio
2169 2303 2363 2345 restituit
2390 2317 2465 2345 suo
2492 2302 2566 2345 ab·

421 2388 570 2436 royato
604 2379 828 2436 triumphO,
859 2379 1022 2421 alienos
1052 2379 1309 2437 spectabunt.
1371 2378 1513 2436 quue
1546 2379 1584 2422 is
1616 2379 1824 2437 probavit
1854 2393 1944 2421 non
1970 2377 2338 2422 Weissenbornio
2371 2377 2567 2435 quidem,

422 2455 500 2512 qui
532 2454 809 2512 repugnabat
840 2453 896 2496 de
929 2468 1065 2508 more,
1098 2468 1365 2511 quamquam
1398 2453 1507 2496 nihil
1539 2453 1645 2497 utile
1678 2453 1736 2496 ad
1769 2452 2122 2511 redarguendum
2155 2451 2381 2508 afferebat,
2414 2451 2494 2509 sed
2525 2453 2566 2507 ei

421 2530 500 2587 qui
533 2528 890 2574 Weissenbornii
922 2529 1100 2572 Livium
1141 2545 1223 2572 sua
1260 2545 1395 2586 opera
1432 2529 1663 2573 renovavit
1698 2528 1931 2573 Muellero.
1995 2527 2093 2572 Nos
2131 2528 2208 2586 qui
2246 2527 2564 2585 contradicturi

420 2620 577 2649 sumus
610 2620 703 2648 rem
742 2604 1012 2648 levidense-m
1046 2605 1235 2662 agimus,
1275 2604 1353 2648 sed
1387 2606 1518 2648 etiam
1556 2605 1602 2649 in
1634 2606 1816 2650 minutis
1853 2619 1933 2664 par
1964 2610 2034 2647 est
2065 2604 2211 2648 caveri
2241 2619 2297 2649 ne
2336 2604 2564 2662 scriptoris

422 2697 579 2724 manus
610 2682 867 2724 criticorum
900 2681 1131 2724 sententiis
1163 2680 1451 2739 depravetur,
1484 2696 1536 2724 30
1568 2688 1797 2740 praeterea
1827 2695 1917 2723 non
1948 2680 2103 2723 inutile
2141 2679 2373 2724 videbatur
2403 2681 2449 2724 in
2482 2680 2570 2737 hac

422 2764 549 2817 parte
581 2757 702 2802 Livii
743 2773 912 2801 morem
946 2757 1020 2814 qui
1063 2757 1107 2799 in
1147 2756 1323 2800 diversa
1353 2756 1560 2801 discessit
1598 2772 1696 2801 cum
1731 2772 1837 2801 cura
1867 2756 2091 2815 persequi.
2154 2756 2271 2801 Nam
2305 2755 2565 2816 Madvigius

420 2850 523 2878 eum
556 2835 620 2877 ita
652 2834 809 2877 scribit
842 2833 1055 2891 (Emend.
1089 2833 1189 2876 Liv.
1223 2849 1266 2890 p.
1293 2835 1399 2891 747)
1435 2831 1609 2878 ‘vitiose
1642 2834 1972 2877 substantivum
2003 2847 2029 2875 a
2059 2833 2204 2891 priore
2236 2832 2449 2887 membro,
2488 2833 2564 2876 ubi

423 2910 566 2953 audiri
598 2909 769 2966 nequit,
800 2909 1067 2952 transfertur
1099 2908 1156 2951 ad
1187 2908 1388 2963 alterum,
1420 2909 1496 2952 ubi
1528 2914 1700 2967 potest3
1733 2907 2017 2952 scribendum
2048 2907 2206 2952 saltem
2238 2916 2332 2952 tum
2365 2913 2459 2951 erat
2489 2923 2564 2951 suo

422 2986 624 3043 abroyato
653 2986 812 3028 alienos
842 2985 1093 3042 triumphos,
1126 2989 1174 3026 ut
1207 2985 1279 3039 21,
1306 2986 1375 3038 19,
1398 2986 1423 3027 9
1457 2987 1521 3027 uti
1546 2995 1726 3027 vestram
1752 2983 2172 3042 Carthayiniemium
2198 2985 2413 3027 amicitiae
2432 2999 2564 3042 prae-

412 3062 667 3120 ponamus',
700 3076 820 3105 mero
853 3076 987 3104 sensu
1019 3059 1182 3104 ductus
1215 3058 1441 3114 iudicavit,
1472 3075 1617 3117 neque
1651 3059 1799 3104 omnia
1830 3074 1944 3117 quae
1975 3075 2083 3106 usus
2113 3059 2277 3118 probat
2307 3048 2563 3118 complexus

424 3144 505 3181 est.
562 3136 687 3181 Solet
719 3143 865 3180 autem
893 3137 1051 3181 Livius
1082 3136 1127 3179 in
1160 3135 1247 3179 1100
1277 3151 1438 3193 genere
1471 3136 1694 3190 orationis,
1729 3151 1828 3179 cum
1860 3151 1949 3178 uno
1982 3135 2164 3193 defungi
2195 3136 2373 3180 nomine
2404 3135 2580 3194 possit„

421 3214 491 3259 bis
523 3212 639 3258 idem
672 3229 832 3258 nomen
865 3229 1045 3272 ponere,
1078 3211 1201 3276 velut
1233 3218 1282 3255 ut
1313 3227 1456 3271 pauca
1488 3212 1725 3272 seligamus
1758 3210 1959 3270 exempla

442 3278 445 3280 ’
699 3298 858 3350 quanto
888 3291 1028 3334 maior
1059 3304 1109 3333 ea
1141 3289 1283 3333 clades
1314 3289 1602 3348 superioribus
1634 3288 1829 3333 cladibus
1849 3287 1991 3344 fuerit
2023 3289 2096 3345 22,
2119 3289 2192 3345 61,
2217 3290 2272 3333 10
