2920 3859
1421 179 1450 225 9

647 313 896 355 transversis
925 313 1137 355 cuniculis
1168 313 1350 356 bostium
1378 313 1597 357 cuniculos
1628 315 1816 371 excipere
1849 314 1920 368 23,
1947 314 2015 368 18,
2040 316 2066 358 9

645 388 723 432 bas
754 389 943 431 diversas
974 390 1202 432 sententias
1231 390 1373 433 media
1403 391 1612 433 sententia
1643 390 1698 432 P.
1727 389 1892 432 Valerii
1919 392 2019 432 vicit
2049 391 2122 446 26,
2145 392 2188 445 8,
2211 393 2238 435 6

643 467 806 524 raptim
820 479 850 508 a
869 465 1008 523 captis
1021 465 1295 523 propioribus
1315 467 1467 510 castris
1488 467 1537 509 in
1557 466 1697 509 altera
1721 473 2016 509 transcursum
2037 475 2180 511 castra
2199 476 2262 511 est
2281 468 2354 524 25,
2369 469 2442 524 39,
2456 471 2482 512 7

645 548 698 584 ut
725 556 777 584 ex
807 539 975 584 duabus
1007 541 1239 599 leqionibus
1269 557 1361 586 una
1394 542 1498 600 Ieyio
1517 575 1527 584 .
1547 575 1557 584 .
1575 548 1680 585 esset
1709 541 1782 595 26,
1806 542 1878 596 28,
1903 543 1927 584 7

645 632 778 676 quam
807 628 982 675 compar
1009 618 1236 662 consilium
1267 626 1390 662 tuum
1412 619 1609 676 parentis
1641 618 1708 661 tui
1734 618 1909 661 consilio
1941 620 1998 662 sit
2027 620 2099 675 28,
2121 621 2195 676 42,
2218 620 2276 664 20

644 693 685 735 si
715 693 890 735 tutelam
918 693 1055 736 alieni
1082 694 1207 751 reqni
1234 709 1361 737 suum
1391 708 1572 752 reqnum
1601 693 1703 736 velit
1720 692 1870 747 facere
1902 695 1975 748 24,
1998 695 2071 749 22,
2094 698 2119 739 5

643 783 718 812 nec
743 769 883 826 maqis
910 769 1059 812 ducem
1087 769 1190 813 duci
1207 784 1361 828 parem
1381 785 1515 829 quam
1543 768 1876 813 tumultuarium
1902 771 2130 815 exercitum
2155 787 2281 816 suum
2301 771 2497 816 Romano

780 845 985 887 exercitui
1011 858 1096 888 esse
1127 844 1200 899 29,
1222 845 1296 900 28,
1317 846 1344 889 8

642 919 810 963 consuli
838 936 863 963 ι
892 919 1070 963 navium
1099 919 1248 963 classis
1276 935 1328 964 ea:
1357 921 1526 964 duabus
1556 921 1763 964 classibus
1785 953 1795 962 .
1815 953 1824 962 .
1849 921 2015 964 decreta
2049 923 2123 976 30,
2144 924 2218 977 41,
2241 925 2267 965 6

645 996 795 1040 civitas
825 996 945 1040 novis
976 995 1202 1040 honor-ibus
1231 1004 1385 1041 veteres
1413 999 1524 1056 reqis
1555 997 1728 1041 honores
1757 998 1884 1040 auxit
1915 998 1987 1052 32,
2008 999 2082 1053 40,
2106 999 2132 1042 8

642 1073 826 1116 claudas
855 1074 1163 1131 mutilatasque
1193 1087 1321 1117 naves
1351 1075 1510 1133 apertis
1539 1073 1720 1117 navibus
1751 1074 1934 1117 remulco
1969 1074 2175 1118 trahenoes
2207 1075 2280 1130 37,
2303 1076 2374 1131 24,
2399 1078 2424 1120 6

641 1148 746 1192 haec
775 1149 915 1192 soluta
945 1136 1105 1192 abacto
1138 1149 1276 1192 cocum
1296 1150 1435 1193 actm
1462 1165 1594 1194 novae
1622 1149 1835 1193 obsidioni
1863 1151 1981 1193 dedit
2009 1150 2085 1205 42,
2107 1151 2180 1205 56,
2203 1152 2243 1194 5.

367 1224 462 1270 Ubi
493 1239 598 1268 vero
628 1224 765 1268 semei
796 1224 924 1284 ponit
953 1239 1115 1268 nomen
1148 1223 1268 1282 quod
1300 1224 1370 1269 bis
1400 1225 1587 1283 intelligi
1619 1231 1818 1283 oportet,
1857 1231 1935 1269 aut
1970 1225 2105 1284 priori
2136 1226 2253 1284 parti
2284 1227 2498 1272 orationis

366 1299 507 1355 addit,
538 1300 632 1344 sive
663 1300 854 1358 simplici
884 1300 1119 1345 verborum
1150 1300 1320 1355 ordine,
1351 1301 1470 1344 velut

645 1377 695 1419 ni
723 1390 775 1420 ex
803 1377 922 1420 mala
943 1375 1073 1432 fama
1104 1378 1154 1420 in
1184 1376 1339 1420 bonam
1368 1378 1556 1421 vertisset
1585 1378 1657 1432 27,
1680 1378 1724 1432 8,
1746 1379 1773 1421 5

643 1452 693 1495 in
722 1460 923 1496 recentem
953 1468 1110 1512 equum
1141 1467 1193 1496 exc
1211 1452 1329 1507 fesso
1362 1454 1624 1499 transultare
1657 1453 1729 1508 23,
1751 1453 1823 1507 29,
1847 1455 1874 1496 5

644 1536 695 1570 ut
716 1528 939 1586 publicum
969 1543 1135 1587 quoque
1154 1527 1314 1582 foedus
1336 1529 1510 1586 privato
1540 1530 1798 1572 adiiceretur
1830 1529 1903 1582 29,
1926 1529 1998 1582 23,
2022 1530 2048 1572 5

644 1611 696 1647 ut
715 1604 979 1648 Hannibalis
993 1605 1230 1648 amicitiam
1244 1620 1298 1648 ac
1317 1605 1551 1648 societatem
1564 1620 1698 1663 quam
1710 1605 1869 1663 populi
1882 1603 2073 1648 Romani
2086 1604 2265 1648 mallent
2279 1604 2350 1659 24,
2367 1605 2436 1661 13,
2449 1606 2475 1648 2

646 1695 671 1722 ι
685 1681 816 1724 annis
831 1679 1021 1734 feliciter
1039 1688 1255 1740 expertam
1274 1681 1512 1724 amicitiam
1532 1696 1648 1723 nunc
1668 1681 1921 1738 incoqnitae‚
1950 1680 2171 1739 quondam
2189 1679 2357 1734 infideli
2367 1696 2497 1739 prae-

772 1755 1005 1811 ferendam
1026 1757 1098 1811 24,
1122 1756 1196 1811 28,
1219 1757 1245 1799 6

645 1846 667 1876 e
696 1833 837 1876 media
868 1833 959 1876 acie
989 1833 1038 1875 in
1067 1840 1299 1876 extremam
1321 1865 1332 1875 .
1359 1865 1370 1876 .
1403 1834 1480 1890 aqi
1502 1822 1581 1886 ‘21,
1606 1833 1679 1887 56,
1706 1834 1727 1875 1

645 1919 734 1952 non
763 1917 1032 1967 separantem
1061 1924 1165 1952 suas
1194 1924 1262 1952 res
1291 1925 1320 1952 a
1341 1909 1531 1967 publicis
1563 1909 1636 1963 24,
1658 1909 1732 1963 22,
1758 1910 1812 1952 14

643 1985 805 2043 reqiam
835 1985 1070 2028 societatem
1098 1983 1318 2027 Romanae
1341 1985 1692 2042 praeposuissent
1721 1984 1793 2038 33,
1819 1984 1889 2037 13,
1913 1985 1939 2026 8

647 2068 834 2118 quantas
863 2061 1008 2119 copias
1030 2060 1278 2118 praebituri
1310 2061 1372 2102 ad
1402 2060 1558 2103 bellum
1588 2068 1739 2114 essent,
1780 2075 1890 2117 quae
1931 2060 2020 2102 loca
2061 2058 2323 2102 terrestribus
2355 2059 2497 2116 copiis,

782 2151 886 2195 quos
912 2143 1062 2195 portus
1092 2137 1321 2179 maritimis
1357 2136 1430 2191 35,
1455 2137 1527 2191 12,
1552 2138 1621 2190 16,

367 2211 467 2258 sive
498 2210 778 2256 artificiosius
810 2210 1012 2254 ordinata
1042 2211 1260 2266 oratione,
1299 2217 1350 2252 ut
1383 2211 1610 2269 epitheton
1649 2217 1694 2253 et
1730 2226 1890 2253 nomen
1928 2212 2150 2266 utrimque
2188 2210 2370 2252 alterum
2408 2225 2501 2251 am-

370 2287 622 2347 plectantur
653 2287 896 2346 epitheton,

646 2364 842 2407 animum
872 2370 1104 2407 convertere
1133 2364 1194 2406 ad
1217 2364 1440 2422 publicam
1468 2380 1498 2406 a
1521 2365 1699 2422 privata
1730 2379 1883 2406 curam
1915 2364 1988 2417 24,
2010 2364 2053 2416 4,
2075 2363 2104 2404 4

650 2445 911 2497 seqreyetque
940 2446 1170 2497 equestrem
1199 2455 1228 2481 a
1251 2439 1442 2496 pedestri
1463 2454 1664 2496 puynam
1695 2439 1772 2492 28,
1790 2439 1863 2491 33,
1889 2441 1940 2479 11

649 2529 863 2573 novusque
893 2529 1021 2573 super
1051 2522 1224 2558 veterem
1257 2516 1395 2558 luctus
1428 2547 1437 2556 .
1463 2546 1473 2556 .
1506 2516 1695 2557 adiectus
1726 2522 1828 2557 esset
1860 2499 2028 2568 22,'61‚
2051 2513 2078 2556 3

649 2598 690 2634 et
717 2591 940 2643 Punicum>
968 2592 1144 2649 insuper
1181 2589 1348 2635 Gallico
1381 2590 1535 2633 bellum
1565 2598 1740 2633 auctum
1772 2591 1845 2644 21,
1868 2590 1940 2643 26,
1967 2591 1988 2630 1

651 2674 702 2709 ut
721 2667 947 2726 optabilem
967 2681 1018 2710 ea>
1038 2668 1277 2710 misern'ma
1287 2666 1517 2721 fortunam
1538 2667 1778 2710 haberemus
1806 2665 2008 2722 (fortuna
2026 2662 2261 2720 cod.Put.)
2282 2663 2480 2717 28,39,6

650 2757 784 2787 novus
807 2757 891 2802 pro
923 2743 1067 2786 dirum
1100 2757 1252 2787 murus
1283 2742 1556 2787 obiit-iebatur
1586 2742 1658 2797 38,
1682 2744 1722 2796 7,
1746 2743 1771 2784 5

650 2821 691 2863 si
720 2833 852 2863 novus
882 2827 922 2862 et
949 2821 1194 2878 incognitus
1216 2834 1301 2878 pro
1332 2827 1462 2862 vetere
1491 2827 1530 2862 et
1558 2826 1723 2876 eaperto
1756 2818 1974 2860 habendus
2004 2832 2079 2860 rea:
2109 2825 2210 2859 esset
2241 2817 2315 2871 35,
2333 2817 2406 2871 31,
2428 2817 2482 2859 10

653 2902 888 2938 nocturnus
919 2895 1076 2938 diurno
1106 2897 1381 2938 continuatus
1412 2895 1530 2938 labor
1559 2901 1619 2937 est
1650 2895 1723 2948 36,
1745 2895 1818 2948 23,
1842 2895 1867 2936 6

373 2975 454 3014 aut
482 2970 720 3028 posteriori
752 2969 867 3028 parti
899 2969 1116 3029 adiungit,
1147 2969 1273 3027 quod·
1299 2970 1344 3012 in
1375 2969 1521 3027 priore
1553 2968 1817 3012 audiendum
1848 2975 1918 3012 est

649 3046 764 3090 idem
794 3045 907 3089 enim
939 3046 1005 3089 tui
1034 3046 1150 3105 quod
1180 3046 1361 3090 hostium
1390 3046 1542 3089 milites
1571 3045 1711 3088 volent
1739 3045 1812 3100 22,
1836 3045 1908 3100 39,
1933 3046 1987 3088 18

651 3121 917 3180 Hispaniam
947 3137 1109 3166 omnem
1138 3129 1351 3166 avemrat
1379 3122 1440 3165 ad
1468 3121 1712 3166 Romanum
1741 3137 1770 3164 a
1802 3121 1972 3166 Punico
2003 3123 2181 3181 imperio
2215 3122 2287 3176 27,
2312 3121 2383 3175 17,
2406 3120 2432 3162 2

652 3197 878 3243 intervenit
905 3198 1232 3243 maior-imminor-
1259 3198 1458 3256 coyitatio
1490 3197 1563 3252 29,
1586 3198 1629 3253 6,
1648 3199 1676 3243 ,1

654 3274 895 3318 Pleminius
925 3273 1131 3329 Romano,
1150 3271 1392 3318 'Hamilcar
1422 3274 1589 3318 Punico
1611 3276 1831 3332 praesidio
1856 3282 2062 3333 praeerat
2091 3275 2165 3329 29,
2188 3275 2231 3329 6,
2256 3274 2310 3315 16
