2920 3859
1341 236 1400 284 17

301 369 490 423 eandem
519 370 755 415 verborum
787 371 1123 416 collocationem
1154 371 1377 430 sequitui-3
1416 372 1547 416 simul
1584 372 1694 416 haec
1734 373 1934 430 exemplo
1968 379 2086 428 sunt,
2125 388 2206 432 per
2235 374 2437 417 alii-alia·

303 443 534 505 quomodo*
568 446 809 489 sententias
841 452 1102 489 connectere
1139 446 1298 500 soleat3
1336 447 1498 504 quibus
1538 447 1697 490 similia
1732 453 1836 490 sunt
1870 447 1943 500 36,
1977 449 2045 502 10,
2075 450 2101 490 7
2133 451 2182 491 in
2221 450 2435 492 divers-un

302 523 536 564 mantiae
566 521 801 575 tendebant,
830 523 932 563 aliie
957 552 968 563 .
993 552 1005 562 .
1038 523 1312 575 comentibus,
1342 520 1443 565 aliis
1473 553 1484 563 .
1508 553 1519 563 .
1551 523 1901 573 memorantibu⁸3
1932 524 2004 576 35,
2028 524 2101 577 25,
2122 526 2150 566 6
2180 539 2280 567 cam
2303 527 2434 582 prin-

300 597 449 655 cipum
478 596 561 639 alis·
585 597 634 639 in
661 598 872 639 sententia
894 596 1216 655 permanerent,
1254 598 1338 640 alii
1369 599 1585 641 utendum.
1603 626 1615 638 .
1639 629 1650 638 .
1678 605 1911 648 censerem,-
1951 599 2023 652 35,
2046 599 2119 652 36,
2143 600 2188 652 7;
2222 600 2293 653 36,
2318 602 2360 654 6,
2383 601 2433 651 93

305 674 380 727 37,
402 672 475 727 34,
498 673 539 715 5.
584 672 801 730 Idemque
831 687 972 731 genus
1005 681 1101 716 erat
1131 679 1234 716 ante
1265 673 1486 717 defectum
1519 674 1591 727 44,
1616 674 1688 727 35,
1711 675 1737 716 5
1769 675 1913 731 itaque
1932 690 2030 715 cam
2058 675 2159 732 [alii
2178 707 2189 717 .
2215 708 2225 718 .
2251 708 2262 717 .
2279 676 2321 734 ],
2351 677 2437 718 alii

298 746 556 805 pmoctpitee
586 750 677 791 eine
700 763 899 807 responso
924 749 1109 806 agendos
1133 750 1308 801 castr-ie,-
1343 764 1446 791 nam
1478 764 1505 791 a
1533 750 1681 805 priore
1711 749 1794 789 alii
1822 749 1966 791 scriba
1994 749 2147 807 lapsus
2180 758 2249 793 est
2280 750 2339 792 ad
2369 751 2435 793 al-

305 828 470 876 terum3
501 829 548 867 et
578 825 653 879 27,
674 826 747 879 28,
767 826 796 868 3
826 826 889 867 ibi
910 826 997 867 duo
1028 826 1153 868 dem
1182 827 1393 883 eaqocioer
1421 826 1526 867 moti
1553 832 1667 878 eunt,
1698 825 1809 866 alter
1825 826 1889 866 ad
1917 825 2186 878 inferendam
2205 826 2435 881 fraudem,-

306 915 424 955 quae
456 898 576 955 quod
600 898 858 957 Madvigius
888 900 946 944 ad
975 899 1094 944 idem
1124 907 1351 958 peccatum
1381 900 1620 954 revocavit,
1650 906 1702 943 ut
1732 900 1787 943 ab
1815 901 1927 943 alter
1956 899 2015 943 ad
2045 902 2153 945 alter
2182 901 2433 946 aberratum

304 974 382 1028 sit,
411 975 524 1017 alter
555 974 635 1033 [ad
660 977 910 1031 cavendam,
938 976 1068 1034 alter]
1100 977 1162 1018 ad
1188 974 1456 1030 inferendam
1471 975 1700 1030 fraudem,
1730 975 1860 1018 nobis
1893 990 1992 1018 cum
2023 976 2244 1033 plerisque
2271 978 2437 1034 ‘proba-

305 1048 442 1093 bilius
483 1048 658 1093 videtur
697 1050 752 1094 ab
791 1050 914 1094 exitu
949 1050 1073 1094 verbi
1109 1049 1372 1105 inferendam
1415 1050 1591 1094 initium
1632 1050 1792 1093 erroris
1828 1050 1991 1093 factum
2030 1066 2127 1094 esse
2166 1051 2433 1109 Liviumque

306 1124 546 1182 scripsisse
581 1126 693 1169 alter
721 1127 783 1169 ad
815 1126 1107 1181 inferendam,
1150 1126 1278 1184 [alter
1304 1127 1366 1169 ad
1394 1124 1643 1183 cavendam]
1674 1124 1894 1179 fraudem.
1958 1124 2093 1180 Quod
2129 1142 2236 1170 vero
2273 1127 2436 1184 legitur

308 1199 385 1255 37,
406 1200 475 1255 11,
494 1200 550 1243 12
571 1202 750 1244 navium
775 1202 1044 1259 reliquarum
1067 1207 1166 1244 ante
1185 1207 1363 1258 portum
1383 1201 1511 1256 aliae,
1531 1200 1653 1261 Laliae
1670 1200 1719 1242 in
1738 1207 1872 1258 portu
1893 1201 2134 1258 deprensae,
2160 1207 2207 1244 et
2227 1202 2299 1256 45,
2317 1202 2389 1256 24,
2407 1202 2433 1245 2

307 1276 426 1318 lium
461 1277 684 1319 aestimari
715 1279 862 1320 vestris
897 1279 1010 1320 inter
1044 1291 1114 1319 eos
1144 1276 1403 1319 sermonibus
1438 1276 1592 1319 audio.-
1618 1275 1783 1330 favisse
1813 1291 1888 1318 noe
1925 1277 2019 1333 reqi
2047 1284 2088 1318 et
2121 1278 2246 1320 illam
2275 1279 2436 1320 vincere

309 1352 526 1407 maluisse,
555 1353 647 1397 ideo
678 1353 783 1397 bello
805 1353 1115 1412 persequendos
1145 1367 1232 1396 esee
1263 1353 1443 1396 credant
1471 1351 1612 1411 [aliz]
1644 1352 1727 1395 alii
1749 1359 1933 1396 vestrum
1957 1352 2134 1396 voluisse
2164 1354 2332 1411 quidem
2361 1368 2436 1396 noe

308 1428 387 1471 Ιιοο
416 1428 540 1486 (nam
568 1428 637 1472 sic
663 1443 761 1473 esse
792 1427 1077 1473 scribendum
1106 1442 1207 1472 cum
1229 1426 1439 1487 Grynaeo
1470 1427 1606 1472 nobis
1631 1426 1937 1486 persuadetur,
1967 1442 2057 1471 non
2083 1442 2183 1471 cum
2205 1427 2436 1488 Madvigio

309 1505 395 1547 alii
422 1512 619 1560 vestrum,
653 1505 814 1564 [alii]),
845 1504 1110 1548 documento
1134 1510 1215 1560 est,
1247 1502 1575 1548 Gronovianam
1601 1503 1816 1546 rationem
1848 1519 1901 1547 eo
1923 1503 1978 1547 de
1998 1519 2088 1562 quo
2120 1504 2305 1548 dicimus
2336 1504 2435 1548 loco

312 1595 340 1622 a
370 1580 487 1623 Livii
522 1594 645 1624 more
676 1595 767 1625 non
797 1581 1100 1635 abhorruisse,
1138 1581 1180 1623 si
1211 1581 1319 1624 satis
1355 1579 1643 1637 probabiliter
1671 1579 1844 1622 restitui
1879 1580 2121 1637 potuisset,
2151 1580 2436 1624 Hertzianam

311 1656 389 1712 qui
419 1656 642 1700 firmemus
674 1656 719 1699 in
751 1661 959 1713 promptu
990 1671 1080 1699 non
1112 1662 1201 1708 est3
1240 1654 1402 1711 quodsi
1437 1660 1587 1697 tamen
1615 1669 1669 1697 ea
1704 1669 1881 1711 quoque
1920 1654 2106 1698 stabiliri
2140 1655 2326 1699 fortasse
2358 1671 2437 1713 po-

313 1737 421 1784 test,
459 1731 578 1774 illam
616 1747 747 1788 quam
786 1731 963 1774 iniimus
1001 1729 1264 1773 emendandi
1295 1730 1411 1773 viam
1442 1736 1625 1786 propter
1654 1729 1742 1771 alia
1771 1745 1861 1772 non
1892 1730 1944 1772 iri
1975 1730 2267 1787 improbatum
2297 1746 2438 1786 paene

311 1805 590 1850 confidimus.
643 1806 844 1850 Alterum
877 1812 922 1849 et
952 1805 1014 1848 illi
1046 1805 1207 1860 simile,
1244 1804 1365 1862 quod
1396 1804 1685 1861 disceptaturi
1716 1819 1911 1858 eramus,
1951 1804 2038 1848 hoc
2068 1811 2150 1848 est.
2192 1805 2243 1848 L.
2269 1806 2341 1858 26,
2364 1806 2437 1859 39,

315 1880 373 1924 23
404 1880 514 1926 haec
544 1881 700 1925 mutila
729 1881 776 1924 in
808 1879 961 1924 codice
991 1880 1194 1925 Puteano
1229 1886 1408 1924 exarata
1436 1884 1556 1923 sunt.

588 1957 659 2001 Ita
691 1965 901 2016 aequatae
931 1972 997 2000 res
1027 1957 1089 2000 ad
1126 1956 1361 2000 Tarentum
1391 1955 1597 1998 Romanis
1628 1955 1854 1998 victoribus
1883 1957 2009 1998 mari.

317 2031 453 2086 Quod
493 2033 719 2091 vulgatur,
758 2049 814 2076 ex
850 2033 1043 2076 editione
1081 2032 1406 2075 Mediolanensi
1437 2047 1477 2074 a.
1504 2031 1617 2073 1505
1649 2038 1877 2088 receptum
1909 2038 1994 2086 est,
2033 2032 2239 2073 Romanis
2270 2033 2438 2073 victori-

228 2164 233 2168 ·
314 2109 405 2151 Ima
425 2108 577 2166 [cerv-a,
594 2140 596 2142 ·
615 2108 879 2166 Tarentinis]
917 2110 1044 2151 mari.
1116 2106 1219 2163 Quo
1261 2105 1394 2150 modo
1431 2105 1652 2149 sententia
1690 2105 1866 2162 quidem
1897 2113 2016 2150 recte
2048 2106 2105 2149 ad
2141 2106 2437 2164 integritatem

314 2191 566 2240 revocatur,
604 2183 651 2228 id
692 2183 811 2242 quod
847 2183 974 2227 facile
1012 2189 1104 2228 erat
1140 2199 1196 2227 ex
1236 2182 1459 2241 superiore
1497 2181 1766 2236 narratione,
1804 2181 1883 2226 sed
1921 2182 2239 2240 supplementis
2271 2180 2439 2226 adhibi·
2511 2181 2515 2184 ”

314 2260 396 2314 tis,
436 2275 549 2316 quae
588 2258 833 2317 probabilia
867 2274 958 2302 non
995 2264 1121 2313 sunt,
1163 2264 1214 2301 ut
1248 2257 1400 2301 mirere
1431 2257 1485 2300 iis
1506 2256 1751 2313 plerosque
1782 2257 2074 2313 acquiescere.
2141 2256 2271 2301 Unus
2303 2256 2440 2300 Hert-

317 2335 434 2391 zius,
476 2341 527 2378 ut
567 2334 673 2378 huic
704 2349 880 2392 quoque
910 2333 1129 2378 desiderio
1161 2333 1458 2386 satisfaceret,
1498 2332 1559 2374 ita
1590 2330 1749 2386 edidit,
1787 2331 1995 2375 Romanis
2025 2332 2248 2375 victoribus
2292 2332 2440 2390 [oerra,

324 2409 572 2456 Tarentinis
592 2410 834 2469 victor-ibae]
856 2411 983 2454 mari.
1035 2410 1090 2454 In
1112 2410 1272 2468 quibus
1292 2408 1459 2467 duplex
1478 2407 1703 2451 victoribus
1723 2422 1813 2450 non
1841 2414 1910 2452 est
1935 2423 2042 2452 sane
2064 2408 2182 2465 quod
2203 2407 2442 2466 reprehen-

314 2487 468 2541 datur,
506 2487 543 2530 si
580 2486 758 2544 quidem
799 2486 978 2529 Livium
1017 2492 1194 2528 constat
1232 2498 1560 2539 nonnumquam
1597 2483 1665 2526 bis
1706 2482 1823 2524 idem
1863 2498 2025 2526 nomen
2063 2484 2110 2525 in
2149 2483 2302 2525 eadem
2341 2497 2442 2525 ora·

317 2563 441 2606 tione
478 2577 666 2620 ponere,
706 2577 807 2604 cum
844 2549 953 2605 'satis
992 2568 1110 2605 esset
1147 2576 1285 2604 unum
1321 2560 1524 2617 posuisse
1561 2557 1638 2615 (de
1676 2573 1763 2614 quo
1802 2572 1962 2614 genere
2001 2573 2135 2615 supra
2172 2557 2363 2602 diximus
2394 2558 2442 2601 in

316 2638 467 2695 capite
486 2641 587 2694 111),
624 2637 704 2681 sed
735 2638 782 2680 in
813 2637 899 2680 hac
937 2638 1165 2681 succincta
1199 2636 1396 2679 oratione
1432 2633 1557 2676 valde
1594 2633 1766 2691 placere
1806 2649 1894 2676 non
1927 2639 2090 2691 potest.
2153 2632 2445 2691 Suspicamur

320 2713 501 2757 Livium
529 2713 638 2755 haec
674 2712 866 2766 dedisse,
903 2713 1110 2755 Romanis
1144 2712 1298 2770 [terra,
1336 2709 1598 2767 Tarentinis]
1631 2709 1856 2751 victoribus
1886 2710 2012 2750 mam'.
2085 2707 2220 2763 Quod
2251 2709 2290 2752 si
2321 2717 2444 2753 recte

316 2788 550 2843 statuitur,
589 2794 773 2846 apparet
806 2788 1030 2832 librarium
1065 2787 1372 2831 terminatione
1402 2785 1626 2828 nominum
1658 2783 1892 2840 deceptum
1924 2799 1950 2826 a
1979 2783 2186 2826 Romanis
2217 2784 2444 2829 aberrasse

320 2863 382 2906 ad
418 2863 679 2907 Tarentinis.
751 2862 854 2918 Qua
883 2864 930 2906 in
965 2878 1012 2906 re
1048 2878 1105 2906 ne
1136 2877 1267 2919 quem
1304 2860 1535 2904 collocatio
1575 2859 1764 2902 nominis
1802 2859 2028 2901 vectoribus
2069 2858 2285 2914 offendat,
2323 2859 2445 2916 quod

321 2953 425 2983 curn
456 2938 514 2982 ad
550 2946 781 2995 utramque
812 2946 981 2996 partem
1019 2938 1231 2982 orationis
1270 2937 1499 2989 referatur,
1536 2936 1581 2977 in
1614 2934 1749 2977 altera
1778 2935 1841 2977 ita
1870 2934 2064 2991 positum
2096 2941 2186 2989 est,
2227 2936 2358 2992 quasi
2388 2935 2446 2979 ad

320 3015 438 3058 ‘hanc
470 3014 611 3059 solam
640 3015 892 3073 pertineret,
923 3015 1019 3058 eius
1051 3013 1354 3057 collocationis
1385 3027 1473 3054 non
1506 3010 1667 3053 desunt
1698 3009 1899 3067 exempla
1928 3010 2132 3053 Liviana.
2194 3011 2269 3066 26,
2292 3013 2365 3067 27,
2390 3012 2444 3055 12

300 3091 494 3148 ,nullam
522 3093 635 3133 enim
664 3093 713 3133 in
746 3092 867 3132 terrie
892 3098 1060 3147 qentem
1089 3104 1186 3144 esse,
1217 3090 1388 3131 nullum
1415 3085 1673 3141 infestiorem
1699 3086 1906 3143 populum
1936 3087 2102 3128 nomini
2119 3086 2335 3139 Romanu
2372 3103 2448 3131 ex—

321 3166 594 3224 spectaveris
624 3181 714 3210 non
744 3181 834 3209 una
864 3164 920 3208 de
952 3180 1085 3208 causa
1116 3165 1234 3207 hunc
1264 3163 1482 3217 ordinem,
1517 3162 1685 3204 nullam
1710 3169 1876 3218 yentem
1905 3176 2011 3217 esee,
2041 3163 2213 3205 nnllam
2235 3165 2448 3221 populum

322 3240 581 3296 infieto’orem
610 3259 652 3285 n.
676 3242 754 3294 R.;
793 3241 869 3295 30,
892 3241 963 3294 30,
986 3242 1011 3282 7
1053 3255 1104 3283 ne
1125 3240 1246 3285 ,vobio
1282 3239 1455 3297 quidem
1485 3237 1637 3281 Sicilia
1672 3253 1726 3281 ac
1758 3236 1970 3280 Sardinia
2006 3239 2115 3281 aaa}
2145 3238 2278 3295 diqna
2305 3240 2448 3296 pretia

320 3324 429 3360 eunt
447 3331 533 3375 pro
563 3325 626 3361 tot
648 3316 869 3372 elassibus,
903 3323 963 3359 tot
988 3314 1258 3369 exercitibus,
1297 3322 1356 3358 tot
1386 3321 1474 3357 tam
1503 3313 1678 3371 eyreqt‘is
1709 3313 1877 3356 amasis
1907 3312 2106 3365 ducib-u,-
2147 3329 2250 3357 nam
2280 3315 2452 3357 amissis
